2398 3051
953.0 183.0 1150.0 109.0 Ceci est mon testament

1309.0 373.0 890.0 102.0 Je sousigné Louis Léon

851.0 465.0 1335.0 107.0 chopinet, veuf en première noce de

811.0 544.0 1442.0 104.0 Eugenie, Blanche, Louise Lebeau,

930 643 1371 107 boulanger rue de charonne N^o

834 729 1472 104 64 Paris et mobilisé au 346^e Regi

811 816 1467 117 ment d Infanterie secteur postal 84

834.0 922.0 1419.0 100.0 momentanément en permission, et

844.0 1006.0 1472.0 115.0 remarié en seconde noce  avec Georgette

836 1090 1160 104 Marcelline Marthe Baillon,

895.0 1177.0 1398.0 101.0 donne et lègue par ces presents

859.0 1294.0 1480.0 89.0 a mon épouse, demeurant avec moi

854.0 1360.0 1457.0 112.0 toute la quotité disponible permise

829.0 1456.0 1469.0 115.0 par la loi, tant en propriété qu’en

806.0 1548.0 1505.0 107.0 usufruit, de tous les biens, meubles

834.0 1642.0 1497.0 91.0 immeubles, Creances, Valeurs et autres

831.0 1733.0 1485.0 105.0 objets mobilliers qui Composeront ma

834.0 1820.0 1492.0 102.0 succession au moment de mon décès.

930.0 1911.0 1371.0 107.0 a l effet de quoi je l institue

775.0 2011.0 1526.0 106.0 ma legataire universelle avec dispense

839.0 2092.0 1421.0 107.0 de fournir caution et de faire emploi.

999.0 2178.0 1330.0 117.0 Je desiere, en outre qu’en raison de

811.0 2283.0 1477.0 101.0 laffection et des soins que Madame

27 2303 580 150 Chopinet

653.0 2361.0 1650.0 115.0 née Georgette, Marceline, Marthe Baillon

834.0 2461.0 1477.0 104.0 a toujours manifeste a l egard de mon

829.0 2545.0 1452.0 119.0 fils Marcel Chopinet né de mon

823.0 2644.0 1447.0 109.0 premier mariage, elle soit spé

818.0 2738.0 1366.0 101.0 cialement chargée de continuer

839.0 2812.0 1421.0 142.0 l’éducation de lenfant, que la
