2260 3126
65 96 1624 112 cette propriété, que son père a souvent visitée.

430 161 1587 125 Paris le huit Août dix neuf cent quatorze

768 333 603 146 Richard de Nugent

1071 437 610 130 Je dis mil neuf cent

1191 534 406 96 quatorze

967 596 677 151 Richard de Nugent

127 781 1778 135 Toujours au cas où mon frère décèderait avant moi,

132 841 1664 154 je désire que l’argenterie des Mons, que m’a léguée

130 950 1569 107 ma mère en 1912, et qui porte les armes suivantes :

145 1005 1492 122 un cheval maure sur fond d’or et trois molettes

151 1073 1478 122 d’éperons sur chef bleu, devienne la propriété,

143 1151 1533 128 avec sa gaine, de mon cousin Henri de Sinéty,

148 1224 1624 146 52 Quai Debilly. Paris. C’est l’argenterie de

151 1318 826 117 ses arrière grand’parents.

1006 1357 646 112 Le Dix Août 1914

516 1448 758 180 Richard de Nugent

125 1612 657 120 huit mots soulignés

271 1711 174 141 RN
