1374 2184
340 103 718 73 Ceci est mon testamens

134 238 1099 96 Je desire que ma femme laisse

154 331 1105 91 à ma mère, sa vie durant, l’usu-

160 414 1088 110 fruit de toute la partie de ma

169 518 1119 98 fortune dont je puis disposer.

236 618 948 102 Je désire également que mon

184 711 1091 91 frère Raoul reçoive une somme

156 789 1145 110 de cinq mille francs ; René deux

149 886 244 94 mille.

180 995 1117 100 Je desire que ma femme reste toujours

78 1084 1122 106 en relations étroites avec ma mère,

133 1179 1162 111 et que celle-ci soit admise à jouir

138 1294 875 94 de Guy le plus possible.

209 1392 1059 93 Je pardonne à mes frères Roger et

102 1476 1159 85 Maxime. Je vous envoie ma dernière

140 1577 1080 86 pensée, Maman, Marguerite et

145 1652 1035 104 Guy que j’aime tant, et vous

134 1763 747 93 aussi, Raoul et René.

185 1860 1083 96 Je prie Marguerite de me pardonner si

67 1941 1250 111 j’ai été quelquefois dur avec elle ; qu’elle
