2223 3141
861.0 188.0 1181.0 136.0 Paris le 3 Août 1914

861.0 335.0 1170.0 167.0 1 Rue de Gribeauval

733.0 675.0 1411.0 105.0 Je donne à Madame mon épouse

756.0 740.0 1160.0 121.0 Adrienne Nathalie Cros

680.0 829.0 1464.0 131.0 l’usufruit sa vie durante de tout

617.0 947.0 1527.0 110.0 ce que Je laisserai à mon décès avec

620.0 1026.0 1511.0 123.0 dispense de Caution et d’emploi

620.0 1122.0 1456.0 95.0 Et pour le cas a ou les enfants

604.0 1206.0 1409.0 110.0 réservataires demanderaient la

576.0 1295.0 1563.0 121.0 réduction de cette donation j’entends

562.0 1387.0 1569.0 123.0 par les présentes léguer à madite

589.0 1484.0 1500.0 130.0 épouse la quotité disponible la

557.0 1578.0 1566.0 110.0 plus large de ma succession en

539.0 1662.0 1587.0 117.0 toute propriété et enusufruit, en

562.0 1751.0 1558.0 117.0 la faisant porter d’abord sur notre

573.0 1847.0 1516.0 105.0 mobilier et ensuite sur les autres

581 1942 1052 107 biens de ma succession

696.0 2073.0 898.0 159.0 Fait à Paris le

767.0 2211.0 759.0 108.0 3 Août 1914

921.0 2355.0 647.0 157.0 Cros Léon

937.0 2528.0 602.0 173.0 Cros Léon
