<?xml version="1.0" encoding="UTF-8"?>
<alto xmlns:xsi="http://www.w3.org/2001/XMLSchema-instance"
      xmlns="http://www.loc.gov/standards/alto/ns-v4#"
      xsi:schemaLocation="http://www.loc.gov/standards/alto/ns-v4# http://www.loc.gov/standards/alto/v4/alto-4-2.xsd">
  <Description>
    <MeasurementUnit>pixel</MeasurementUnit>
    <sourceImageInformation>
      <fileName>TestamentsDePoilus_will_AD78_0020-0.jpg</fileName>
      
    </sourceImageInformation>
  </Description>
  
  <Tags>
    <OtherTag ID="BT3053" LABEL="TitlePageZone" DESCRIPTION="block type TitlePageZone"/><OtherTag ID="BT3052" LABEL="SealZone" DESCRIPTION="block type SealZone"/><OtherTag ID="BT3051" LABEL="DamageZone" DESCRIPTION="block type DamageZone"/><OtherTag ID="BT3050" LABEL="MarginTextZone" DESCRIPTION="block type MarginTextZone"/><OtherTag ID="BT3049" LABEL="MainZone" DESCRIPTION="block type MainZone"/>
    <OtherTag ID="LT1079" LABEL="InterlinearLine" DESCRIPTION="line type InterlinearLine"/><OtherTag ID="LT1078" LABEL="DefaultLine" DESCRIPTION="line type DefaultLine"/><OtherTag ID="LT1080" LABEL="HeadingLine" DESCRIPTION="line type HeadingLine"/>
  </Tags>
  
  <Layout>
    <Page WIDTH="2648"
          HEIGHT="2200"
          PHYSICAL_IMG_NR="5"
          ID="eSc_dummypage_">
      <PrintSpace HPOS="0"
                  VPOS="0"
                  WIDTH="2648"
                  HEIGHT="2200">
        
        <TextBlock HPOS="239"
                   VPOS="123"
                   WIDTH="2355"
                   HEIGHT="1994"
                   ID="eSc_textblock_195d672d"
                   TAGREFS="BT3049">
          <Shape><Polygon POINTS="1378 177 1472 173 1619 166 1801 187 2074 410 2383 359 2506 374 2580 528 2565 1017 2594 1721 2550 1802 2411 1848 2462 1855 2484 1912 2440 1928 2374 2029 2213 2095 1993 2117 1254 2110 1070 2044 1034 1914 988 1882 286 1860 726 1840 256 1816 271 1415 243 1065 256 1065 256 657 239 657 278 440 315 374 709 374 784 337 763 277 785 145 919 123 1001 165 1157 157"/></Shape>
          
          
          <TextLine ID="eSc_line_b3c38217"
                    TAGREFS="LT1078"
                    BASELINE="794 261 1778 264" 
                    HPOS="788"
                    VPOS="207"
                    WIDTH="988"
                    HEIGHT="75">
            <Shape><Polygon POINTS="792 260 792 229 863 229 871 227 905 212 905 212 907 212 907 212 907 212 909 212 909 212 909 212 911 212 948 225 960 231 1025 231 1037 223 1054 214 1054 214 1054 214 1056 214 1056 214 1131 207 1133 207 1133 207 1133 207 1135 207 1135 207 1136 207 1158 220 1173 229 1201 220 1217 214 1219 214 1219 214 1219 214 1221 214 1270 218 1408 231 1441 214 1454 209 1454 209 1454 209 1456 209 1456 209 1457 209 1457 209 1457 209 1481 214 1522 223 1534 212 1538 209 1538 209 1540 209 1540 209 1540 209 1542 209 1542 209 1544 209 1611 209 1611 209 1611 209 1613 209 1613 209 1613 209 1615 209 1615 209 1617 210 1635 225 1685 231 1703 216 1703 214 1703 214 1705 214 1705 214 1705 214 1707 214 1707 214 1773 209 1776 264 1773 282 788 276"/></Shape>
	    <String CONTENT="Ceci est mon testament"
                    HPOS="788"
                    VPOS="207"
                    WIDTH="988"
                    HEIGHT="75"></String>
          </TextLine>

          
          
          <TextLine ID="eSc_line_e0c7b1c7"
                    TAGREFS="LT1078"
                    BASELINE="349 453 1501 456 1687 458 2491 476" 
                    HPOS="348"
                    VPOS="385"
                    WIDTH="2142"
                    HEIGHT="121">
            <Shape><Polygon POINTS="348 452 348 385 627 414 801 407 803 407 803 407 878 416 948 397 973 390 975 390 975 390 977 390 977 390 977 390 979 390 1008 399 1026 403 1076 399 1190 392 1191 392 1191 392 1191 392 1193 392 1193 392 1219 403 1248 416 1346 407 1413 399 1413 399 1415 399 1415 399 1417 399 1417 399 1437 408 1448 412 1468 408 1492 405 1492 405 1494 405 1494 405 1494 405 1496 405 1511 410 1547 423 1624 423 1648 412 1687 397 1687 397 1688 397 1688 397 1690 397 1813 397 1813 397 1813 397 1815 397 1815 397 1868 418 1890 425 1943 419 1978 416 1978 416 1980 416 1980 416 1982 416 1982 416 1993 419 2006 425 2053 421 2110 418 2112 418 2112 418 2189 425 2217 427 2222 425 2283 403 2283 403 2284 403 2284 403 2286 403 2361 403 2361 403 2361 403 2363 403 2363 403 2363 403 2416 430 2490 432 2490 474 2488 482 2336 482 2336 482 2279 506 2279 506 2277 506 2277 506 2275 506 2165 504 2165 504 2165 504 2163 504 2163 504 2118 482 2105 474 2008 473 1813 473 1795 484 1758 500 1758 500 1758 500 1756 500 1756 500 1756 502 1639 502 1637 500 1637 500 1635 500 1635 500 1589 484 1547 469 1485 484 1424 498 1424 498 1424 498 1423 498 1423 498 1421 498 1421 498 1386 485 1347 469 1191 474 1190 474 1190 474 1190 474 1188 474 1155 465 957 478 955 478 955 478 955 478 953 478 915 465 860 465 757 487 731 491 731 491 731 493 606 493 605 491 605 491 603 491 603 491 603 491 595 487 557 469 526 478 524 478 524 478 524 478 522 478 522 478 465 469 348 487"/></Shape>
	    <String CONTENT="Je soussigné le 31 Août 1915 leguer a mon frère"
                    HPOS="348"
                    VPOS="385"
                    WIDTH="2142"
                    HEIGHT="121"></String>
          </TextLine>

          
          
          <TextLine ID="eSc_line_2ba7693c"
                    TAGREFS="LT1078"
                    BASELINE="293 546 2548 570" 
                    HPOS="291"
                    VPOS="484"
                    WIDTH="2257"
                    HEIGHT="99">
            <Shape><Polygon POINTS="293 546 293 484 524 489 524 489 524 489 526 489 603 511 700 491 709 489 709 489 709 489 711 489 711 489 713 489 713 489 717 491 772 513 841 502 841 502 843 502 843 502 843 502 905 513 966 495 975 493 977 493 977 493 979 493 1058 493 1058 493 1058 493 1059 493 1059 493 1070 496 1094 507 1133 498 1153 495 1153 495 1153 495 1155 495 1155 495 1155 495 1157 495 1169 498 1226 520 1338 520 1371 504 1384 496 1384 496 1384 496 1386 496 1386 496 1388 496 1445 496 1445 496 1445 496 1492 506 1578 522 1628 507 1659 498 1661 498 1661 498 1661 498 1663 498 1663 498 1665 498 1665 498 1696 509 1709 513 1798 511 1819 511 1820 511 1820 511 1820 511 1822 511 1824 511 1870 526 1971 515 1973 515 1973 515 1974 515 1974 515 1974 515 1976 515 2031 528 2156 520 2158 520 2158 520 2270 529 2299 520 2310 517 2312 517 2312 517 2312 517 2314 517 2314 517 2314 517 2334 520 2380 531 2545 526 2548 570 2545 583 2002 572 1908 577 1859 581 1857 581 1857 581 1798 577 1677 568 1465 573 1393 575 1391 575 1391 575 1377 573 1331 564 291 564"/></Shape>
	    <String CONTENT="Gosselin Ernest domicilié a Mantes-la-Ville et a ma soeur"
                    HPOS="291"
                    VPOS="484"
                    WIDTH="2257"
                    HEIGHT="99"></String>
          </TextLine>

          
          
          <TextLine ID="eSc_line_4d967420"
                    TAGREFS="LT1078"
                    BASELINE="269 649 1610 652 2548 667" 
                    HPOS="265"
                    VPOS="581"
                    WIDTH="2282"
                    HEIGHT="110">
            <Shape><Polygon POINTS="267 649 265 590 539 581 540 581 540 581 540 581 542 581 579 594 594 597 658 594 687 594 689 594 689 594 689 594 698 595 753 608 803 597 832 590 832 590 832 590 834 590 834 590 896 597 926 601 935 597 979 583 979 583 981 583 981 583 982 583 1030 583 1030 583 1030 583 1032 583 1083 601 1114 612 1169 612 1195 601 1239 586 1241 586 1241 586 1241 586 1311 584 1312 584 1312 584 1312 584 1314 584 1314 584 1358 605 1369 608 1390 605 1432 595 1432 595 1432 595 1434 595 1434 595 1435 595 1435 595 1461 605 1479 614 1577 614 1589 606 1632 590 1632 590 1633 590 1633 590 1635 590 1635 590 1635 590 1637 590 1637 590 1681 608 1696 616 1754 616 1767 610 1795 599 1795 599 1797 599 1797 599 1798 599 1798 599 1798 599 1800 599 1835 610 1848 616 1941 616 1954 612 2011 592 2013 592 2013 592 2013 592 2123 590 2125 590 2125 590 2125 590 2127 590 2193 612 2239 599 2240 599 2240 599 2240 599 2242 599 2547 621 2547 665 2545 678 2488 691 2488 691 2488 691 2486 691 2486 691 2409 678 2358 671 2308 678 2259 687 2259 687 2257 687 2257 687 2257 687 2255 687 2226 678 2196 671 2090 678 2088 678 2088 680 2086 678 2085 678 1912 665 1828 674 1828 674 1826 674 1615 661 1481 671 1479 671 1479 671 1386 663 1298 676 1298 676 1296 676 1296 676 1294 676 1230 660 1179 669 1179 669 1177 669 1177 669 1177 669 1133 660 1048 678 1041 680 1041 680 1041 680 1039 680 1039 680 1037 680 1037 680 1034 678 1006 669 981 678 971 682 971 682 970 682 970 682 970 683 900 683 898 682 898 682 896 682 896 682 889 678 856 665 805 665 748 678 733 682 733 682 733 682 731 682 691 678 423 656 375 678 375 678 375 678 374 678 374 678 374 678 374 680 267 680"/></Shape>
	    <String CONTENT="Gosselin Augustine femme Chevallier domiciliés a Chatou (S. et O.)"
                    HPOS="265"
                    VPOS="581"
                    WIDTH="2282"
                    HEIGHT="110"></String>
          </TextLine>

          
          
          <TextLine ID="eSc_line_38f70970"
                    TAGREFS="LT1078"
                    BASELINE="363 740 2565 759" 
                    HPOS="361"
                    VPOS="683"
                    WIDTH="2206"
                    HEIGHT="98">
            <Shape><Polygon POINTS="363 740 364 683 489 683 489 683 489 683 491 683 491 683 495 685 533 704 803 705 957 696 959 696 959 696 959 696 960 696 960 696 981 705 1322 700 1335 700 1336 700 1336 700 1340 700 1408 709 1450 702 1481 696 1481 696 1481 696 1483 696 1483 696 1525 704 1556 707 1588 704 1679 693 1679 693 1681 693 1681 693 1681 693 1749 707 1778 713 1797 707 1839 694 1841 694 1841 694 1842 694 1901 694 1901 694 1901 694 2000 711 2024 715 2033 711 2070 696 2070 696 2072 696 2072 696 2072 696 2074 696 2074 696 2140 707 2273 698 2275 698 2275 698 2275 698 2374 718 2382 718 2393 718 2473 711 2475 711 2475 711 2567 722 2565 759 2561 781 2224 777 2224 777 2052 762 1723 775 1687 775 1685 775 1641 773 1241 755 1160 768 1160 768 1160 768 1158 768 937 753 874 766 874 766 874 766 872 766 872 766 779 751 729 764 728 764 728 764 728 764 726 764 511 749 361 762"/></Shape>
	    <String CONTENT="A mes neveux et nièces, réservant lusues fruits des dites sommes"
                    HPOS="361"
                    VPOS="683"
                    WIDTH="2206"
                    HEIGHT="98"></String>
          </TextLine>

          
          
          <TextLine ID="eSc_line_8315b9fb"
                    TAGREFS="LT1078"
                    BASELINE="254 843 1197 841 2501 856" 
                    HPOS="251"
                    VPOS="764"
                    WIDTH="2250"
                    HEIGHT="114">
            <Shape><Polygon POINTS="254 843 253 764 427 766 427 766 427 766 429 766 429 766 432 768 496 795 634 771 665 768 665 768 667 768 667 768 667 768 669 768 689 773 768 797 825 788 825 788 827 788 827 788 827 788 880 799 981 781 1004 777 1004 777 1006 777 1006 777 1006 777 1008 777 1025 781 1070 795 1197 790 1199 790 1199 790 1201 790 1201 790 1256 810 1281 799 1281 799 1283 799 1283 799 1283 799 1432 795 1434 795 1434 795 1538 812 1676 804 1677 804 1677 804 1787 817 1817 804 1817 804 1819 804 1819 804 1819 804 1820 804 1897 810 1918 803 1932 797 1932 797 1934 797 1934 797 1934 797 1936 797 1936 797 1938 797 1963 804 2008 817 2193 819 2222 810 2295 786 2297 786 2297 786 2297 786 2299 786 2299 786 2301 786 2405 814 2420 817 2497 817 2501 856 2497 870 2372 863 2303 870 2244 878 2244 878 2242 878 2242 878 2240 878 2240 878 2240 878 2228 870 2209 861 1989 869 1987 869 1987 869 1923 859 1800 870 1789 870 1787 870 1787 870 1787 870 1786 870 1786 870 1784 870 1751 856 1635 856 1566 870 1542 874 1542 874 1542 874 1540 874 1540 874 1505 870 1399 854 1351 869 1347 870 1346 870 1346 870 1346 870 1344 870 1344 870 1333 869 1250 854 984 850 946 861 944 861 944 861 944 861 942 861 942 861 865 852 827 869 821 870 821 870 819 870 819 870 819 872 698 872 696 870 696 870 695 870 695 870 695 870 689 869 662 854 562 848 496 848 451 869 449 869 449 869 447 869 447 869 447 869 445 869 445 869 443 869 443 869 441 869 412 858 385 869 381 869 381 869 379 869 379 869 377 869 251 867"/></Shape>
	    <String CONTENT="jusqu’a la majorité des dits sommes neveux et nièces alors en"
                    HPOS="251"
                    VPOS="764"
                    WIDTH="2250"
                    HEIGHT="114"></String>
          </TextLine>

          
          
          <TextLine ID="eSc_line_c4ab32b0"
                    TAGREFS="LT1078"
                    BASELINE="337 931 1395 940" 
                    HPOS="335"
                    VPOS="881"
                    WIDTH="1060"
                    HEIGHT="72">
            <Shape><Polygon POINTS="337 931 337 896 638 896 667 881 667 881 667 881 669 881 669 881 669 881 671 881 904 894 970 883 970 883 971 883 971 883 971 883 973 883 1026 900 1215 900 1234 887 1235 887 1235 887 1235 887 1237 887 1237 887 1239 887 1239 887 1239 887 1241 887 1292 903 1292 903 1292 903 1311 894 1311 894 1311 894 1312 894 1312 894 1314 894 1314 894 1393 905 1395 940 1393 953 335 953"/></Shape>
	    <String CONTENT="faveur de ces dites sommes."
                    HPOS="335"
                    VPOS="881"
                    WIDTH="1060"
                    HEIGHT="72"></String>
          </TextLine>

          
          
          <TextLine ID="eSc_line_6299e068"
                    TAGREFS="LT1078"
                    BASELINE="632 1032 2482 1046" 
                    HPOS="632"
                    VPOS="973"
                    WIDTH="1850"
                    HEIGHT="94">
            <Shape><Polygon POINTS="632 1032 632 973 748 975 748 975 748 975 750 975 750 975 750 975 750 975 790 997 834 979 834 979 836 979 836 979 838 979 838 979 838 979 839 979 839 979 839 979 878 1001 973 1001 1036 980 1047 977 1048 977 1048 977 1048 977 1050 977 1050 977 1052 977 1052 977 1052 977 1059 980 1098 999 1158 982 1166 980 1168 980 1168 980 1168 980 1303 979 1305 979 1305 979 1307 979 1307 979 1307 979 1309 979 1318 986 1346 1002 1382 991 1384 991 1384 991 1386 991 1386 991 1386 991 1445 1002 1503 990 1503 990 1503 990 1503 990 1505 990 1505 990 1505 990 1505 990 1507 990 1558 1004 1624 995 1624 995 1626 995 1626 995 1707 1004 1734 993 1734 993 1734 993 1736 993 1736 993 1736 993 1738 993 1738 993 1738 993 1740 993 1740 993 1740 993 1765 1006 1861 1006 1896 997 1907 993 1908 993 1908 993 1910 993 1910 993 1952 997 2004 1002 2024 999 2059 991 2059 991 2059 991 2061 991 2061 991 2061 991 2097 1001 2132 1010 2209 1010 2224 1002 2248 993 2248 993 2250 993 2250 993 2251 993 2251 993 2251 993 2303 1004 2330 1010 2339 1004 2367 988 2369 988 2369 988 2371 988 2371 988 2372 988 2418 988 2418 988 2418 988 2420 988 2482 1008 2482 1046 2479 1067 2396 1054 2303 1065 2303 1065 2301 1065 1914 1050 1804 1063 1789 1063 1789 1063 1787 1063 1753 1061 1494 1046 1461 1059 1461 1059 1461 1059 1459 1059 1459 1059 1457 1059 1457 1059 1450 1059 1307 1045 1135 1057 1114 1057 1113 1057 1113 1057 1113 1057 1111 1057 1111 1057 1109 1057 1091 1048 1032 1056 1028 1056 1028 1056 1026 1056 1019 1056 858 1043 828 1054 828 1054 828 1054 827 1054 827 1054 827 1054 825 1054 825 1054 823 1054 753 1043 632 1052"/></Shape>
	    <String CONTENT="En général tout ce qui m’appartient en cas de"
                    HPOS="632"
                    VPOS="973"
                    WIDTH="1850"
                    HEIGHT="94"></String>
          </TextLine>

          
          
          <TextLine ID="eSc_line_32575393"
                    TAGREFS="LT1078"
                    BASELINE="339 1123 2506 1144" 
                    HPOS="339"
                    VPOS="1059"
                    WIDTH="2167"
                    HEIGHT="108">
            <Shape><Polygon POINTS="339 1123 341 1068 366 1078 386 1068 399 1063 399 1063 399 1063 401 1063 401 1063 403 1063 465 1063 465 1063 465 1063 467 1063 467 1063 482 1070 502 1079 590 1079 650 1070 731 1059 731 1059 733 1059 979 1074 1041 1078 1059 1076 1125 1063 1125 1063 1125 1063 1127 1063 1127 1063 1213 1078 1223 1078 1226 1078 1261 1065 1261 1065 1263 1065 1263 1065 1265 1065 1265 1065 1265 1065 1267 1065 1307 1078 1336 1089 1498 1089 1518 1079 1549 1068 1549 1068 1551 1068 1551 1068 1553 1068 1604 1068 1604 1068 1604 1068 1606 1068 1606 1068 1639 1081 1641 1081 1644 1081 1696 1072 1696 1072 1696 1072 1698 1072 1698 1072 1699 1072 1699 1072 1725 1081 1749 1090 1842 1083 1912 1078 1914 1078 1914 1078 1914 1078 1943 1083 1958 1087 1978 1085 2061 1072 2061 1072 2063 1072 2063 1072 2063 1072 2064 1072 2108 1085 2130 1092 2147 1087 2158 1081 2158 1081 2160 1081 2160 1081 2160 1081 2162 1081 2162 1081 2195 1087 2239 1094 2270 1087 2283 1085 2283 1085 2283 1085 2284 1085 2284 1085 2286 1085 2297 1087 2321 1094 2338 1089 2349 1083 2349 1083 2350 1083 2350 1083 2350 1083 2352 1083 2352 1083 2354 1083 2374 1089 2404 1096 2503 1090 2506 1144 2503 1167 2266 1149 2176 1164 2165 1166 2165 1166 2163 1166 2163 1166 2163 1166 2162 1166 2156 1164 2103 1147 1941 1155 1940 1155 1940 1155 1940 1155 1938 1155 1903 1145 1652 1147 1606 1158 1591 1160 1591 1160 1591 1160 1589 1160 1589 1160 1588 1160 1588 1160 1580 1158 1556 1149 1536 1156 1516 1164 1516 1164 1514 1164 1514 1164 1514 1166 1417 1166 1415 1164 1415 1164 1413 1164 1384 1155 1375 1153 1335 1155 1201 1162 1199 1162 1199 1162 1199 1162 1197 1162 1166 1153 1122 1140 949 1149 918 1151 916 1151 916 1151 916 1151 907 1149 874 1142 860 1149 839 1158 839 1158 839 1158 838 1158 838 1158 836 1158 689 1156 689 1156 689 1156 687 1156 687 1156 687 1156 667 1147 645 1136 339 1142"/></Shape>
	    <String CONTENT="décés :  J’exprime d’une façon formelle mes dernières volontées"
                    HPOS="339"
                    VPOS="1059"
                    WIDTH="2167"
                    HEIGHT="108"></String>
          </TextLine>

          
          
          <TextLine ID="eSc_line_721e8d58"
                    TAGREFS="LT1078"
                    BASELINE="300 1224 1771 1228 2561 1239" 
                    HPOS="298"
                    VPOS="1166"
                    WIDTH="2263"
                    HEIGHT="95">
            <Shape><Polygon POINTS="300 1224 300 1166 425 1180 540 1171 540 1171 542 1171 542 1171 544 1171 544 1171 544 1171 564 1182 790 1182 821 1169 821 1169 823 1169 823 1169 825 1169 911 1169 911 1169 911 1169 913 1169 913 1169 942 1184 1144 1184 1245 1171 1245 1171 1246 1171 1246 1171 1246 1171 1311 1186 1423 1186 1463 1171 1465 1171 1467 1171 1467 1171 1467 1171 1468 1171 1468 1171 1468 1171 1474 1171 1534 1186 1575 1173 1577 1173 1577 1173 1578 1173 1586 1173 1786 1173 1786 1173 1786 1173 1786 1173 1789 1173 1850 1188 2125 1175 2149 1175 2151 1175 2151 1175 2151 1175 2156 1175 2215 1189 2283 1177 2284 1177 2284 1177 2286 1177 2286 1177 2288 1177 2385 1186 2559 1178 2561 1239 2559 1252 2477 1257 2475 1257 2475 1257 2475 1257 2473 1257 2460 1252 2435 1244 2363 1252 2349 1254 2349 1254 2347 1254 2347 1254 2345 1254 2339 1252 2306 1244 2273 1252 2237 1261 2237 1261 2237 1261 2235 1261 2235 1261 2147 1252 2075 1244 1742 1241 1694 1252 1668 1259 1666 1259 1666 1259 1666 1261 1474 1261 1472 1259 1472 1259 1470 1259 1470 1259 1454 1252 1423 1239 1312 1237 1252 1252 1234 1257 1232 1257 1232 1257 1232 1259 1135 1259 1133 1257 1133 1257 1131 1257 1131 1257 1131 1257 1120 1252 1083 1235 1028 1235 808 1252 764 1255 762 1255 762 1255 762 1255 761 1255 761 1255 751 1252 700 1233 410 1233 298 1252"/></Shape>
	    <String CONTENT="vis-a vis de ma femme en priant le leg a taire universel de ne lui"
                    HPOS="298"
                    VPOS="1166"
                    WIDTH="2263"
                    HEIGHT="95"></String>
          </TextLine>

          
          
          <TextLine ID="eSc_line_a436532a"
                    TAGREFS="LT1078"
                    BASELINE="278 1318 2448 1332" 
                    HPOS="275"
                    VPOS="1255"
                    WIDTH="2173"
                    HEIGHT="109">
            <Shape><Polygon POINTS="278 1318 278 1255 416 1255 416 1255 416 1255 418 1255 418 1255 423 1257 473 1281 548 1281 702 1263 750 1257 751 1257 799 1257 799 1257 799 1257 801 1257 801 1257 801 1257 817 1265 841 1276 913 1268 913 1268 915 1268 915 1268 916 1268 916 1268 955 1283 1003 1274 1003 1274 1003 1274 1004 1274 1004 1274 1083 1283 1127 1270 1142 1266 1144 1266 1144 1266 1146 1266 1146 1266 1146 1266 1147 1266 1147 1266 1158 1270 1182 1281 1292 1274 1300 1274 1301 1274 1301 1274 1301 1274 1303 1274 1303 1274 1342 1285 1375 1276 1413 1263 1415 1263 1415 1263 1417 1263 1562 1263 1562 1263 1562 1263 1564 1263 1564 1263 1564 1263 1599 1279 1615 1288 1690 1288 1742 1281 1859 1265 1859 1265 1861 1265 1861 1265 1861 1265 1863 1265 1863 1265 1907 1285 1919 1292 1989 1292 2000 1287 2050 1266 2050 1266 2052 1266 2052 1266 2052 1266 2053 1266 2053 1266 2160 1285 2213 1268 2215 1268 2215 1268 2215 1268 2217 1268 2217 1268 2217 1268 2218 1268 2218 1268 2272 1292 2273 1294 2448 1296 2448 1332 2444 1343 2262 1343 2259 1345 2224 1362 2224 1362 2224 1362 2222 1362 2222 1362 2222 1364 2178 1364 2176 1362 2176 1362 2176 1362 2107 1345 2105 1345 2094 1345 1965 1351 1963 1351 1963 1351 1899 1345 1817 1338 1795 1345 1760 1358 1760 1358 1758 1358 1758 1358 1758 1360 1714 1360 1712 1358 1712 1358 1710 1358 1710 1358 1679 1345 1659 1338 1441 1345 1439 1345 1437 1345 1437 1345 1437 1345 1320 1332 1281 1347 1278 1347 1278 1347 1276 1347 1276 1347 1274 1347 1274 1347 1274 1347 1272 1347 1272 1347 1270 1347 1243 1332 959 1331 905 1347 887 1353 885 1353 885 1353 885 1354 828 1354 827 1353 827 1353 825 1353 805 1347 753 1332 687 1343 687 1343 687 1343 685 1343 685 1343 684 1343 684 1343 684 1343 662 1332 630 1347 627 1349 627 1349 627 1349 625 1349 625 1349 623 1349 623 1349 623 1349 612 1347 529 1329 438 1347 429 1349 429 1349 427 1349 275 1347"/></Shape>
	    <String CONTENT="léguer que la part extrict que la loi me force a lui léguer."
                    HPOS="275"
                    VPOS="1255"
                    WIDTH="2173"
                    HEIGHT="109"></String>
          </TextLine>

          
          
          <TextLine ID="eSc_line_8d488085"
                    TAGREFS="LT1078"
                    BASELINE="684 1417 2497 1426" 
                    HPOS="680"
                    VPOS="1353"
                    WIDTH="1817"
                    HEIGHT="99">
            <Shape><Polygon POINTS="684 1417 680 1367 729 1353 731 1353 731 1353 733 1353 836 1353 836 1353 836 1353 838 1353 838 1353 838 1353 867 1367 891 1378 1010 1369 1012 1369 1012 1369 1012 1369 1080 1384 1125 1367 1162 1354 1162 1354 1164 1354 1164 1354 1166 1354 1314 1354 1314 1354 1314 1354 1316 1354 1316 1354 1355 1367 1410 1387 1566 1387 1597 1375 1597 1375 1599 1375 1599 1375 1600 1375 1600 1375 1600 1375 1602 1375 1639 1387 1685 1371 1685 1371 1687 1371 1687 1371 1688 1371 1688 1371 1688 1371 1690 1371 1743 1386 1817 1376 1817 1376 1819 1376 1819 1376 1820 1376 1820 1376 1857 1391 2086 1391 2149 1369 2178 1360 2180 1360 2180 1360 2180 1360 2182 1360 2182 1360 2184 1360 2184 1360 2184 1360 2202 1369 2244 1391 2294 1369 2317 1360 2317 1360 2319 1360 2319 1360 2321 1360 2383 1362 2383 1362 2383 1362 2385 1362 2411 1371 2444 1380 2493 1371 2497 1426 2497 1442 2473 1452 2473 1452 2471 1452 2471 1452 2470 1452 2470 1452 2470 1452 2468 1452 2468 1452 2449 1442 2431 1435 2187 1435 2162 1442 2141 1450 2140 1450 2140 1450 2140 1452 2046 1452 2044 1450 2044 1450 2042 1450 2019 1442 1984 1433 1787 1441 1786 1441 1600 1430 1534 1442 1525 1444 1525 1444 1525 1444 1523 1444 1523 1444 1523 1444 1516 1442 1467 1431 1428 1442 1424 1444 1423 1444 1423 1444 1423 1444 1421 1444 1421 1444 1419 1444 1419 1444 1419 1444 1417 1444 1417 1442 1391 1428 1316 1428 1252 1442 1237 1446 1237 1446 1237 1446 1237 1448 1103 1448 1102 1446 1102 1446 1100 1446 1100 1446 1100 1446 1094 1442 1070 1430 922 1426 860 1439 860 1439 860 1439 858 1439 858 1439 775 1428 744 1442 742 1444 742 1444 742 1444 740 1444 740 1444 739 1444 682 1442"/></Shape>
	    <String CONTENT="Je nomme légateur universelle mon frère Ernest"
                    HPOS="680"
                    VPOS="1353"
                    WIDTH="1817"
                    HEIGHT="99"></String>
          </TextLine>

          
          
          <TextLine ID="eSc_line_0b2fa25a"
                    TAGREFS="LT1078"
                    BASELINE="282 1512 2345 1521 2530 1525 2567 1532 2576 1547" 
                    HPOS="280"
                    VPOS="1450"
                    WIDTH="2303"
                    HEIGHT="106">
            <Shape><Polygon POINTS="282 1512 282 1450 540 1452 540 1452 540 1452 542 1452 544 1452 579 1463 619 1455 619 1455 619 1455 621 1455 621 1455 623 1455 623 1455 623 1455 663 1475 746 1475 788 1459 788 1459 790 1459 790 1459 792 1459 792 1459 792 1459 794 1459 841 1475 955 1475 1014 1457 1014 1457 1015 1457 1015 1457 1015 1457 1017 1457 1017 1457 1019 1457 1019 1457 1080 1474 1114 1464 1116 1464 1116 1464 1118 1464 1118 1464 1166 1470 1193 1459 1206 1453 1206 1453 1208 1453 1208 1453 1208 1453 1210 1453 1210 1453 1210 1453 1237 1459 1311 1475 1347 1464 1349 1464 1349 1464 1349 1464 1351 1464 1351 1464 1351 1464 1415 1477 1478 1461 1501 1455 1503 1455 1503 1455 1505 1455 1644 1455 1644 1455 1644 1455 1646 1455 1670 1463 1685 1468 1698 1464 1718 1455 1718 1455 1720 1455 1720 1455 1721 1455 1786 1455 1786 1455 1786 1455 1787 1455 1822 1464 1877 1479 1927 1470 1927 1470 1927 1470 1929 1470 1929 1470 1930 1470 1930 1470 1954 1481 2169 1481 2202 1468 2228 1461 2229 1461 2229 1461 2231 1461 2231 1461 2231 1461 2275 1470 2330 1481 2356 1470 2382 1459 2382 1459 2383 1459 2383 1459 2383 1459 2385 1459 2385 1459 2387 1459 2429 1472 2466 1481 2583 1474 2576 1547 2572 1554 2514 1541 2466 1554 2466 1554 2464 1554 2464 1554 2464 1556 2277 1556 2275 1554 2275 1554 2273 1554 2273 1554 2273 1554 2272 1554 2240 1540 2165 1551 2165 1551 2163 1551 2163 1551 2162 1551 2079 1529 1872 1552 1863 1552 1863 1552 1861 1552 1861 1552 1859 1552 1857 1552 1769 1527 1637 1536 1635 1536 1635 1536 1635 1536 1633 1536 1633 1536 1610 1527 1567 1543 1567 1543 1566 1543 1566 1543 1564 1543 1564 1543 1564 1543 1562 1543 1512 1527 1312 1523 1213 1538 1213 1538 1212 1538 1212 1538 1105 1529 1017 1549 1014 1549 1014 1549 1014 1549 1012 1549 1012 1549 1010 1549 1008 1549 913 1521 849 1521 750 1543 750 1543 750 1543 748 1543 748 1543 748 1543 746 1543 687 1523 562 1529 561 1529 561 1529 561 1529 511 1519 429 1519 342 1545 341 1545 341 1545 341 1547 280 1547"/></Shape>
	    <String CONTENT="Gosselin domicilié a Mantes-la-ville. Pour le recompenser par préciput"
                    HPOS="280"
                    VPOS="1450"
                    WIDTH="2303"
                    HEIGHT="106"></String>
          </TextLine>

          
          
          <TextLine ID="eSc_line_85dbc8da"
                    TAGREFS="LT1078"
                    BASELINE="278 1607 2244 1620 2462 1624 2578 1635" 
                    HPOS="276"
                    VPOS="1545"
                    WIDTH="2304"
                    HEIGHT="108">
            <Shape><Polygon POINTS="278 1607 276 1556 465 1545 467 1545 467 1545 467 1545 539 1558 550 1560 559 1558 612 1547 612 1547 612 1547 614 1547 614 1547 616 1547 665 1560 696 1567 757 1562 775 1560 775 1560 777 1560 803 1562 887 1569 907 1563 924 1558 926 1558 926 1558 926 1558 927 1558 927 1558 927 1558 955 1563 982 1569 997 1563 1023 1554 1023 1554 1025 1554 1025 1554 1026 1554 1026 1554 1100 1565 1107 1565 1114 1565 1246 1551 1246 1551 1248 1551 1248 1551 1360 1569 1369 1569 1373 1569 1413 1552 1413 1552 1415 1552 1415 1552 1417 1552 1522 1552 1522 1552 1522 1552 1654 1571 1676 1574 1692 1573 1784 1554 1784 1554 1784 1554 1786 1554 1786 1554 1908 1574 1923 1576 1943 1574 2103 1560 2103 1560 2105 1560 2105 1560 2107 1560 2158 1574 2215 1560 2217 1560 2217 1560 2218 1560 2218 1560 2218 1560 2308 1580 2314 1582 2580 1584 2578 1635 2574 1651 2479 1633 2374 1642 2374 1642 2372 1642 2213 1628 2158 1646 2141 1651 2140 1651 2140 1651 2140 1653 2055 1653 2053 1651 2053 1651 2017 1644 1941 1628 1817 1628 1778 1640 1754 1648 1753 1648 1753 1648 1753 1650 1648 1650 1646 1648 1564 1637 1468 1624 1443 1635 1417 1646 1417 1646 1415 1646 1415 1646 1415 1648 1276 1648 1274 1646 1274 1646 1272 1646 1272 1646 1235 1631 1217 1624 1120 1622 1092 1629 1087 1631 1085 1631 1085 1631 1085 1631 1083 1631 1083 1631 1083 1631 1081 1631 1081 1631 1078 1629 1059 1620 812 1620 751 1624 562 1640 561 1640 561 1640 561 1640 559 1640 559 1640 506 1620 496 1618 276 1618"/></Shape>
	    <String CONTENT="et hors de part il devra être prélevé en faveur du légateur universel"
                    HPOS="276"
                    VPOS="1545"
                    WIDTH="2304"
                    HEIGHT="108"></String>
          </TextLine>

          
          
          <TextLine ID="eSc_line_7d465df3"
                    TAGREFS="LT1078"
                    BASELINE="264 1697 2578 1723" 
                    HPOS="264"
                    VPOS="1646"
                    WIDTH="2314"
                    HEIGHT="104">
            <Shape><Polygon POINTS="264 1697 265 1646 304 1662 669 1664 709 1648 713 1648 713 1648 715 1648 715 1648 717 1648 717 1648 717 1648 718 1648 718 1648 722 1650 762 1668 929 1670 993 1670 1041 1651 1045 1650 1045 1650 1047 1650 1047 1650 1048 1650 1048 1650 1048 1650 1050 1650 1056 1651 1116 1668 1168 1651 1180 1648 1182 1648 1182 1648 1184 1648 1254 1648 1254 1648 1254 1648 1289 1653 1423 1673 1483 1673 1527 1655 1534 1651 1534 1651 1536 1651 1536 1651 1538 1651 1692 1653 1692 1653 1716 1655 1883 1677 1938 1668 1938 1668 1938 1668 1940 1668 2107 1681 2209 1659 2215 1659 2215 1659 2217 1659 2576 1662 2578 1723 2574 1750 2358 1747 2358 1747 2358 1747 2356 1747 2297 1727 2182 1727 2149 1739 2149 1739 2147 1739 2147 1739 2147 1739 2145 1739 2145 1739 2026 1723 1930 1734 1930 1734 1929 1734 1740 1719 1589 1730 1589 1730 1588 1730 1358 1716 1281 1736 1279 1736 1279 1736 1278 1736 1223 1736 1030 1734 1030 1734 1030 1734 1028 1734 1028 1734 1028 1734 992 1717 929 1728 929 1728 927 1728 927 1728 927 1728 854 1714 518 1725 517 1725 517 1725 517 1725 515 1725 478 1712 352 1712 264 1725"/></Shape>
	    <String CONTENT="une somme de cinq cent francs. Ce testament annule toutes dispo"
                    HPOS="264"
                    VPOS="1646"
                    WIDTH="2314"
                    HEIGHT="104"></String>
          </TextLine>

          
          
          <TextLine ID="eSc_line_bdca0857"
                    TAGREFS="LT1078"
                    BASELINE="267 1798 1817 1804" 
                    HPOS="267"
                    VPOS="1745"
                    WIDTH="1550"
                    HEIGHT="97">
            <Shape><Polygon POINTS="267 1798 267 1745 388 1747 388 1747 388 1747 390 1747 454 1767 562 1763 588 1749 588 1747 590 1747 590 1747 590 1747 592 1747 592 1747 594 1747 594 1747 612 1749 797 1771 880 1771 907 1752 911 1749 913 1749 913 1749 913 1749 915 1749 915 1749 916 1749 916 1749 916 1749 935 1752 1012 1771 1065 1771 1094 1754 1105 1749 1105 1749 1105 1749 1107 1749 1107 1749 1109 1749 1109 1749 1109 1749 1138 1754 1206 1769 1338 1758 1340 1758 1340 1758 1340 1758 1401 1771 1428 1758 1445 1750 1445 1750 1446 1750 1446 1750 1446 1750 1448 1750 1448 1750 1450 1750 1450 1750 1450 1750 1467 1758 1492 1772 1545 1772 1564 1760 1575 1750 1577 1750 1577 1750 1577 1750 1578 1750 1578 1750 1578 1750 1580 1750 1815 1763 1817 1804 1815 1816 1784 1816 1758 1833 1756 1833 1756 1833 1756 1833 1754 1833 1754 1833 1753 1833 1753 1833 1753 1833 1751 1833 1751 1833 1716 1816 1676 1815 1637 1815 1633 1815 1602 1827 1602 1827 1600 1827 1600 1827 1600 1827 1599 1827 1599 1827 1597 1827 1562 1818 1533 1840 1531 1840 1531 1840 1531 1840 1529 1840 1529 1840 1529 1842 1346 1842 1344 1840 1344 1840 1342 1840 1342 1840 1278 1815 1274 1815 1270 1815 1235 1826 1234 1826 1234 1826 1232 1826 1232 1826 1232 1826 1230 1826 1199 1815 1188 1813 1131 1815 1103 1816 1074 1838 1072 1838 1072 1838 1072 1838 1070 1838 1070 1838 1070 1840 854 1840 852 1838 852 1838 850 1838 850 1838 850 1838 849 1838 812 1816 707 1822 706 1822 706 1822 706 1822 704 1822 704 1822 704 1822 691 1815 682 1811 663 1815 643 1820 641 1820 641 1820 639 1820 639 1820 588 1815 539 1811 522 1815 473 1831 471 1831 471 1831 471 1831 469 1831 469 1831 467 1831 467 1831 425 1815 410 1811 267 1815"/></Shape>
	    <String CONTENT="sitions antérieures que j’auraient pu prendre."
                    HPOS="267"
                    VPOS="1745"
                    WIDTH="1550"
                    HEIGHT="97"></String>
          </TextLine>

          
          
          <TextLine ID="eSc_line_25573fd4"
                    TAGREFS="LT1078"
                    BASELINE="1124 1897 2369 1903" 
                    HPOS="1122"
                    VPOS="1833"
                    WIDTH="1245"
                    HEIGHT="106">
            <Shape><Polygon POINTS="1122 1895 1122 1833 1333 1833 1333 1833 1333 1833 1335 1833 1355 1838 1435 1862 1478 1842 1481 1840 1481 1840 1481 1840 1483 1840 1483 1840 1566 1835 1567 1835 1567 1835 1567 1835 1569 1835 1569 1835 1571 1835 1586 1846 1613 1862 1652 1848 1661 1844 1661 1844 1663 1844 1663 1844 1665 1844 1665 1844 1665 1844 1666 1844 1666 1844 1668 1844 1674 1848 1699 1864 1745 1864 1771 1851 1793 1837 1795 1837 1795 1837 1797 1837 1797 1837 1797 1837 1798 1837 1798 1837 1800 1837 1800 1837 1800 1837 1802 1837 1824 1851 1844 1864 1872 1853 1901 1842 1901 1842 1903 1842 1903 1842 1905 1842 1905 1842 1905 1842 1907 1842 1907 1842 1907 1842 1908 1842 1919 1851 1929 1844 1929 1844 1930 1844 1930 1844 1932 1844 1932 1844 1932 1844 1934 1844 1934 1844 1934 1844 1936 1844 1936 1844 1936 1844 1938 1844 1938 1844 1951 1855 1962 1864 1991 1857 2009 1853 2009 1853 2009 1853 2011 1853 2011 1853 2013 1853 2013 1853 2013 1853 2022 1857 2039 1866 2090 1866 2097 1860 2103 1855 2103 1855 2103 1855 2105 1855 2105 1855 2107 1855 2107 1855 2107 1855 2108 1855 2108 1855 2108 1855 2110 1855 2110 1855 2123 1860 2138 1866 2165 1862 2204 1855 2204 1855 2206 1855 2206 1855 2206 1855 2207 1855 2207 1855 2207 1855 2209 1855 2209 1855 2218 1862 2218 1864 2224 1862 2255 1855 2257 1855 2257 1855 2259 1855 2259 1855 2259 1855 2261 1855 2292 1864 2308 1851 2308 1851 2310 1851 2310 1851 2310 1851 2312 1851 2312 1851 2314 1851 2314 1851 2314 1851 2316 1851 2367 1868 2367 1903 2367 1915 2319 1937 2319 1937 2317 1937 2317 1937 2317 1939 2162 1939 2160 1937 2160 1937 2158 1937 2158 1937 2105 1917 2096 1915 2083 1919 2050 1926 2048 1926 2048 1926 2046 1926 2046 1926 2046 1926 2044 1926 2044 1926 2028 1919 2015 1914 1969 1919 1901 1928 1901 1928 1899 1928 1899 1928 1897 1928 1897 1928 1877 1921 1868 1917 1859 1921 1815 1936 1813 1936 1813 1936 1813 1936 1811 1936 1811 1936 1809 1936 1809 1936 1809 1936 1808 1936 1786 1921 1775 1914 1721 1921 1721 1921 1721 1921 1720 1921 1720 1921 1720 1921 1720 1921 1659 1910 1633 1923 1632 1923 1632 1923 1632 1923 1630 1923 1630 1923 1628 1923 1628 1923 1628 1923 1626 1923 1626 1923 1626 1923 1624 1923 1608 1914 1542 1921 1542 1921 1540 1921 1540 1921 1540 1921 1538 1921 1503 1910 1448 1917 1448 1917 1446 1917 1446 1917 1340 1908 1303 1921 1303 1921 1301 1921 1301 1921 1300 1921 1300 1921 1300 1921 1298 1921 1298 1921 1298 1921 1296 1921 1279 1908 1265 1919 1263 1919 1263 1919 1263 1919 1261 1919 1261 1919 1261 1919 1259 1919 1259 1919 1257 1919 1219 1910 1122 1926"/></Shape>
	    <String CONTENT="Fait a Chartres le 31 Aoùt 1915"
                    HPOS="1122"
                    VPOS="1833"
                    WIDTH="1245"
                    HEIGHT="106"></String>
          </TextLine>

          
          
          <TextLine ID="eSc_line_9e6b645d"
                    TAGREFS="LT1078"
                    BASELINE="1388 2040 1498 2035 1646 2046 1940 2042" 
                    HPOS="1384"
                    VPOS="1961"
                    WIDTH="556"
                    HEIGHT="92">
            <Shape><Polygon POINTS="1388 2040 1384 1963 1505 1961 1507 1961 1507 1961 1507 1961 1509 1961 1540 1972 1621 2000 1720 1987 1720 1987 1721 1987 1721 1987 1776 1994 1787 1987 1793 1983 1795 1983 1795 1983 1795 1983 1797 1983 1797 1983 1798 1983 1798 1983 1798 1983 1800 1983 1800 1983 1817 1989 1839 1998 1934 1998 1940 2042 1938 2053 1388 2053"/></Shape>
	    <String CONTENT="H. Gosselin"
                    HPOS="1384"
                    VPOS="1961"
                    WIDTH="556"
                    HEIGHT="92"></String>
          </TextLine>

          
        </TextBlock>
        
        <TextBlock HPOS="44"
                   VPOS="724"
                   WIDTH="175"
                   HEIGHT="210"
                   ID="eSc_textblock_8452bad3"
                   TAGREFS="BT3050">
          <Shape><Polygon POINTS="210 922 58 885 44 762 88 726 219 724 219 934"/></Shape>
          
          
          <TextLine ID="eSc_line_96916d9f"
                    TAGREFS="LT1078"
                    BASELINE="56 828 219 834" 
                    HPOS="49"
                    VPOS="760"
                    WIDTH="169"
                    HEIGHT="151">
            <Shape><Polygon POINTS="55 826 51 779 99 760 99 760 100 760 100 760 102 760 102 760 102 760 104 760 104 760 104 760 106 760 106 760 119 771 130 782 172 782 216 764 218 832 212 911 49 887"/></Shape>
	    <String CONTENT="nul"
                    HPOS="49"
                    VPOS="760"
                    WIDTH="169"
                    HEIGHT="151"></String>
          </TextLine>

          
        </TextBlock>
        

        
      </PrintSpace>
    </Page>
  </Layout>
</alto>
