2637 3380
318 343 1885 147 Saintes, le vingt et un décembre 1914

264 599 2091 184 A la veille d’etre, sans doute, dirigé sur le front,

326 802 1989 164 je déclare faire heritière universelle de tout ce

163 949 2062 208 que je puis posséder en propre ma femme bien

146 1104 2006 197 aimée Marguerite Chédeville à qui je tiens

140 1292 1950 155 à dire encore ici tout mon amour et toute

140 1405 2327 189 ma reconnaissance du bonheur qu’elle m’a donné.

290 1580 1853 163 Si mon corps peut etre transporté, je laisse

138 1712 2014 183 à son coeur le soin de decider de l’endroit de

135 1847 2065 186 mon inhumation définitive. Si sa douleur peut

166 2008 2059 160 trouver une consolation à avoir près d’elle ma

157 2132 2065 194 tombe, qu’elle me fasse ensevelir à Brie. là où

312 2292 96 90 nous

160 2247 2119 214 nous sommes mariés, où j’ai connu le plus beau

160 2391 2043 205 le plus pur de mes jours. Qu elle y réserve une

174 2518 2077 225 place pour elle, pour que nous soyons réunis. Je

154 2636 2263 245 desir que la mention soit inscrite sur le monument

149 2791 2065 228 de mon père bien aimé que je suis tombé, digne de

163 2912 2045 237 lui. du nom qu’il m’a donné, de l’exemple qu’il

208 3047 2296 217 m’a légué. Je crois que les êtres qui se sont aimés comme
