1777 2215
554 129 942 109 Paris le 25 Mars 1916

236 317 1395 120 Je soussigné Dufréchou, Urbain

108 433 1560 100 Joseph, Celestin, capitaine au 361^e Regiment

92 522 1437 112 d’Infanterie. Declare laisser tout ce

112 625 1530 93 que je possède (Livret de caisse d’Epargne,

107 719 1520 102 titres deposes à la caisse d’Epargne ; titres deposes

92 819 1552 94 au Credit Foncier de France ; compte-courant

108 913 1366 109 n^o 73999 au credit Foncier de France) à

94 1015 1376 122 Madame Le Matelot Lucien, née

90 1137 1559 96 Dufréchou, Marie, Marthe ma soeur.

96 1229 1549 112 a charge par elle d’assurer à ma filleule,

90 1332 1439 94 Marguerite Dufréchou, une dot de

97 1437 1580 98 quatre mille francs une fois versée (4000^f)

90 1537 1459 91 a verser le jour du mariage de ma

99 1620 1105 104 filleule ou à sa majorite

101 1877 1578 105 Je laisse egalement à Madame Le Matelot

633 1727 693 212 U Dufréchou

107 1975 657 77 ma solde échue

158 2035 506 93 Le 25 Mars 1916

882 1954 582 129 UDufréchou
