1691 3128
200.0 109.0 919.0 107.0 Je Sousigné Et Declare

153.0 182.0 1063.0 128.0 Leflem Hervé Piérre Marcel,

91.0 276.0 1125.0 120.0 Me trouvé sur la ligne de feu.

101.0 372.0 1496.0 112.0 Ma vie étent en danger de mort faire connaitre

99.0 469.0 1508.0 104.0 Mai dernières volontées qui sont se qui suit :

109.0 544.0 1498.0 125.0 Laissez a Madame Duc Mauger Victorine Alice

96.0 638.0 1383.0 112.0 Qui habite 15 rue des Tournelles a Paris

83.0 732.0 1529.0 112.0 Qui est mon domicille depuis le mois de Juillet 1914

91.0 826.0 1500.0 99.0 Une malle et sons contenue tout mes efets

104.0 912.0 1513.0 133.0 Et linge de corps des papiers personnelles de famille

91.0 1013.0 1490.0 107.0 Une montre et chaine en or une bague or

80.0 1094.0 1457.0 115.0 Des outils de menuisier le tout devrat rester

96.0 1188.0 1511.0 123.0 Chez Madame Duc Mauger Victorine Alice

99.0 1285.0 1354.0 117.0 Qui est la compagne de ma vie futur

91.0 1371.0 1289.0 104.0 Et la mère de mon enfant chéri

93.0 1459.0 1360.0 118.0 Monsieur Duc Mauger Pierre Marcel

96.0 1543.0 1501.0 125.0 Né le 31  Juillet 1906 a Paris Mairie du IV^ème

86.0 1644.0 1333.0 115.0 Que tout en ne porte pas mon Non

86.0 1743.0 1250.0 105.0 Je reconnait être né de mes âctes.

96.0 1824.0 1495.0 117.0 Sa bonne mère lui donnera a son grés tout

106.0 1921.0 1360.0 96.0 En souvenir de son malheureux père

93.0 2014.0 1527.0 113.0 Qui aimait son fils insi que la mere de tout son coeur

99.0 2100.0 1216.0 115.0 En outre je reconnait avoir reçu

99.0 2179.0 1216.0 112.0 Tout les salaires qui ont été toucher

106.0 2273.0 1397.0 106.0 Par Madame Duc Mauger Victorine Alice

117.0 2366.0 1367.0 115.0 Sur ma procuration a la Manufacture

120.0 2452.0 1495.0 131.0 Des tabacs de Paris Reuilly 319 rue de charenton

112.0 2562.0 1187.0 88.0 Avoir rentrée d’en tout mon avoir

125.0 2643.0 1239.0 114.0 Soit en argent soit en marchandise

114.0 2731.0 1256.0 175.0 Qui mon été envoyer régulièrement
