2233 3024
806 60 1149 113 Ceci est mon testament :

635 178 1540 126 Je lègue à mon frère Gilbert tout ce

640 287 1565 93 que je peux posséder ici-bas, ma part dans

645 357 1562 96 l’affaire de la licitation du domaine de Saint

645 443 1540 101 Estève qui n’est pas encore réglée, tous mes

650 524 1502 111 meubles situés à Paris ou à Saint Estève

625 619 1333 104 l’argenterie, les souvenirs de famille.

625 718 1497 113 Si dans la guerre franco-germanique,

632 801 1535 78 mon frère me précède et tombe à son

632 871 1553 101 poste avant moi, je laisse tous mes biens

632 957 1527 111 à ma Cousine Alix de Lenzbourg, en la

612 1030 1552 119 priant instamment d’épouser un Français

635 1121 1545 101 Je lui demanderai également de bien vouloir

640 1204 1527 108 faire parvenir un souvenir choisi parmi

640 1287 1540 104 mes meubles à une autre parente qu’elle con-

1083 1267 366 56 (bague avec perle)

635 1368 1540 103 nait bien (Marie de Sinéty). Je compte sur

632 1446 1540 106 sa discrétion pour faire remettre cet objet

640 1539 1499 93 même en conservant l’anonymat. Alix

625 1612 1557 114 de Lenzbourg devra remettre mon sabre "Ré-

630 1708 1552 111 giment de Nugent" à un membre de la famille,

625 1804 1575 103 français ou Anglais, portant mon nom et sus-

630 1884 1552 119 ceptible de fonder une famille. Elle donnera

637 1988 1563 85 de même un souvenir à mon associé Monsieur

627 2053 1555 111 A. E. Labouchere, dont la collaboration affable

637 2139 1522 111 ne s’est pas démentie depuis plus de cinq ans.

685 2230 1444 93 En m’en allant j’adresse un dernier merci à

619 2305 1475 104 ma Tante qui m’a élevé dans le droit chemin

670 2396 1494 103 Si cela se peut je désire être enterré dans le

612 2479 1557 96 petit cimetière des Mesnuls à coté du mémoire

607 2555 1384 111 de mon père et près des tombes des miens.

660 2633 1532 108 Pour mes droits sur le bois de Villevieille canton

619 2714 1571 121 d’Entrevaux (Basses Alpes) je les legue toujours au

614 2804 1555 114 cas de prédécès de mon frère à ma cousine Va-

617 2908 1563 113 lentine de Sallmard qui a elle-même des droits sur

25 645 484 176 quatorze mots

15 753 524 192 soulignés RN

35 1267 524 149 trois mots ajoutés

257 1383 100 141 RN

25 2739 383 123 huit mots

32 2814 371 106 soulignés

297 2860 101 111 RN
