1989 2559
446.0 232.0 1107.0 85.0 Ceci est mon testament

593.0 358.0 1323.0 104.0 je soussigné Besse Jean cultivateur

403.0 460.0 1519.0 98.0 demeurant et domicilié à cronzat commune

414.0 565.0 1508.0 111.0 de Saint julien, canton de Bort (Correze)

405.0 682.0 1460.0 94.0 en ce moment sur le frons des Armées

399.0 784.0 1410.0 105.0 francaises, sain de corps et d’esprit,

409.0 895.0 1466.0 96.0 declare faire, par ces presentes donation

411.0 1002.0 1513.0 87.0 à ma femme Leonie Besse (anterieurement

405.0 1102.0 1485.0 96.0 Leonie Bordes) demeurant au dit lieu

420.0 1213.0 1472.0 98.0 de cronzat, de tous les biens meubles

416.0 1322.0 1496.0 96.0 et immeubles que je possede actuellement

414.0 1422.0 1506.0 100.0 ainssi que tous les biens que je pourrais

424.0 1533.0 1400.0 98.0 avoir. je lègue à ma femme toutes

422.0 1646.0 1473.0 94.0 les valeurs mobilières que nous avons

422.0 1744.0 1496.0 98.0 acquises enssemble sans aucune restriction

433.0 1855.0 1417.0 98.0 je revoque tout testament anterieur.

420.0 1970.0 1355.0 104.0 fait en campagne le vingt neuf

426.0 2074.0 1281.0 99.0 juillet mil neuf-cent quinze.

1329.0 2256.0 531.0 134.0 Besse Jean
