2492 3693
184 6 604 150 Page première

311 218 1854 117 J'impose et pour laquelle on prélèvera XXXX

301 307 1605 99 mon avoir ou les intérets de mon avoir XXXX

289 393 1802 96 somme suffisante XXXX  XXXX XXXX être inférieur à

314 489 933 95 cent francs par mois.

203 587 2098 182 D'entre fait, j'entends par mon fils Georges

884 526 499 132 X 1 mot rayé

292 713 1805 136 soit exclusivement élevé par ma mère et à [[notre]]

283 800 1944 147 défaut, par ma chère Femme, que j'aime comme mon

243 892 1934 138 propre enfant et n'oubliera d'ailleurs jamais les

227 981 1963 142 devoirs (tels que le droit de visite) qu'elle doit remplir

237 1080 1965 126 vis à vis de la mère de cet enfant = celle-ci est une

234 1160 1953 138 brave fille vis à vis de laquelle je demande à une

234 1252 1980 135 [[prière]] et à ma Femme d'écrire d'affectueux sentiments

221 1347 1192 139 qu'elle parait mériter.^x 1 mot rayé

30 1495 2055 114 X [[une autre rangé]] Je pris enfin une prière de bien vouloir

107 1575 2049 145 remettre à Mademoiselle

240 1683 2039 148 Marie-Thérèse [[Laussacq]], 56. rue La Rochefoucauld,

224 1794 1919 129 qui m'a aidé dans les circonstances très difficiles

240 1892 1287 126 une somme de cinq mille francs.

348 2117 1805 126 = [[Apres] cela fait, je désire peu de chose

240 2221 1940 139 hélas ! Je tiens à dire peu à peu j'ai XXXX la

218 2320 1929 151 XXXX qui m'avait été légué à moi-même, si

224 2418 2080 148 j'ai surtout employé dans l'intérêt de ceux qui m'étaient

215 2517 2064 163 chers. les miens XXXX disent par les pleins d'argent

231 2618 1956 154 ne sont rien si, encore une [[coup]], XXXX entre les

212 2723 1965 135 membres de la famille m'oublit aucun XXXX et si

206 2809 1999 139 les enfants se soumettent consencieusement à la loi de

218 2905 1842 163 XXXX, comme je l'ai fait moi même de mon mieux.

539 3092 1546 117 J'aurais voulu avoir le temps de leurs

150 3172 1981 164 préparer un avenir brillant : j'ai fait XXXX a

190 3302 2030 154 peu j'ai pu et je les prie, je vous prie tous de
