1864 3086
69.0 74.0 422.0 88.0 age unique

396.0 126.0 1161.0 141.0 Paris le 3 aout 1914

290.0 527.0 1308.0 103.0 Partant a la guerre

254.0 606.0 1352.0 116.0 Je par comme l'on doit faire a

270.0 686.0 1251.0 139.0 qu'un patriote doit faire

406.0 779.0 1257.0 121.0 si le malheure marrivais

247.0 882.0 1488.0 131.0 je desire que tous ce qui appar-

218.0 979.0 1419.0 90.0 tient a moi et a ma femme

223.0 1046.0 1538.0 129.0 Ma femme Marie Castel Bricaud

190.0 1152.0 1493.0 126.0 de jouir a son grée de tous ce

229.0 1254.0 1400.0 119.0 que nous possédons. Sans que

216.0 1337.0 1418.0 115.0 aucun de ma famille puisse

195.0 1437.0 1200.0 90.0 réclamer quoique ce soi.

383.0 1506.0 1380.0 114.0 Tant que notre fils Eugene

213.0 1615.0 1527.0 108.0 Bricaud. elle sarrangera comme

249.0 1676.0 1457.0 144.0 il lui plairat XXXX moyent.

211.0 1789.0 1542.0 108.0 pour lui donner tout instruction

195.0 1872.0 1522.0 108.0 ou lui donner un metier

211.0 1977.0 1259.0 111.0 pour pourvoir ce debrouiller.

180.0 2059.0 1351.0 114.0 2^eme Je Declare que Monsieur

193.0 2139.0 1593.0 126.0 XXXX me doit la somme de 80.^[[et]]XXXX

193.0 2237.0 1583.0 123.0 dont jen est aucun recu.

275.0 2317.0 1519.0 138.0 M^r [[Capou]]. cafe. 12 art. Daumesnil

64.0 2450.0 543.0 116.0 XXXX Paris.

36.0 2576.0 278.0 173.0 6 juin XXXX

615.0 2499.0 988.0 129.0 Fait a Paris le

978 2605 492 108 3 aout 1914

23.0 2695.0 358.0 236.0 XXXX

589 2714 731 251 P Bricaud
