<?xml version="1.0" encoding="UTF-8"?>
<alto xmlns:xsi="http://www.w3.org/2001/XMLSchema-instance"
      xmlns="http://www.loc.gov/standards/alto/ns-v4#"
      xsi:schemaLocation="http://www.loc.gov/standards/alto/ns-v4# http://www.loc.gov/standards/alto/v4/alto-4-2.xsd">
  <Description>
    <MeasurementUnit>pixel</MeasurementUnit>
    <sourceImageInformation>
      <fileName>TestamentsDePoilus_will_AN_0017-1.jpg</fileName>
      
    </sourceImageInformation>
  </Description>
  
  <Tags>
    <OtherTag ID="BT4550" LABEL="StampZone" DESCRIPTION="block type StampZone"/><OtherTag ID="BT4220" LABEL="CustomZone" DESCRIPTION="block type CustomZone"/><OtherTag ID="BT4219" LABEL="HeadingLine:title" DESCRIPTION="block type HeadingLine:title"/><OtherTag ID="BT4218" LABEL="TitlePageZone" DESCRIPTION="block type TitlePageZone"/><OtherTag ID="BT4217" LABEL="MarginTextZone" DESCRIPTION="block type MarginTextZone"/><OtherTag ID="BT4216" LABEL="NumberingZone" DESCRIPTION="block type NumberingZone"/><OtherTag ID="BT4215" LABEL="MainZone" DESCRIPTION="block type MainZone"/>
    <OtherTag ID="LT3530" LABEL="InterlinearLine" DESCRIPTION="line type InterlinearLine"/><OtherTag ID="LT1385" LABEL="HeadingLine:rubric" DESCRIPTION="line type HeadingLine:rubric"/><OtherTag ID="LT1384" LABEL="HeadingLine:title" DESCRIPTION="line type HeadingLine:title"/><OtherTag ID="LT1383" LABEL="HeadingLine" DESCRIPTION="line type HeadingLine"/><OtherTag ID="LT1382" LABEL="DropCapitalLine" DESCRIPTION="line type DropCapitalLine"/><OtherTag ID="LT1381" LABEL="DefaultLine" DESCRIPTION="line type DefaultLine"/>
  </Tags>
  
  <Layout>
    <Page WIDTH="1611"
          HEIGHT="2171"
          PHYSICAL_IMG_NR="84"
          ID="eSc_dummypage_">
      <PrintSpace HPOS="0"
                  VPOS="0"
                  WIDTH="1611"
                  HEIGHT="2171">
        
        <TextBlock HPOS="72"
                   VPOS="101"
                   WIDTH="1453"
                   HEIGHT="1966"
                   ID="block_3"
                   TAGREFS="BT4215">
          <Shape><Polygon POINTS="1525 1607 1495 1684 1422 1734 743 1780 320 1867 453 1903 1037 1903 1162 1968 1140 2031 758 2067 282 2038 251 2047 266 2060 108 2067 72 1959 160 1885 163 1817 141 1746 93 1568 128 1402 101 1416 101 1280 108 1220 100 1205 101 1163 101 1067 123 1025 115 678 85 422 105 318 108 215 108 159 237 151 253 101 316 101 340 151 541 173 511 212 504 261 578 264 649 264 704 258 1497 258 1470 551 1470 552 1415 764 532 794 430 852 646 889 1445 835 1524 951 1414 1162 1519 1235 1516 1257 1502 1358 1406 1422 1439 1489"/></Shape>
          
          
          <TextLine ID="line_1"
                    TAGREFS="LT1381"
                    BASELINE="115 209 401 206" 
                    HPOS="110"
                    VPOS="153"
                    WIDTH="291"
                    HEIGHT="80">
            <Shape><Polygon POINTS="115 209 110 182 157 155 157 155 157 155 159 155 159 155 161 155 220 155 220 155 220 155 222 155 222 155 224 155 224 155 255 179 313 153 313 153 314 153 314 153 314 153 316 153 316 153 318 153 318 153 318 153 320 153 320 153 340 171 349 164 351 164 351 164 351 164 352 164 352 164 354 164 354 164 354 164 356 164 400 179 401 206 401 218 305 227 304 227 304 227 304 227 302 227 302 227 295 224 273 217 115 233"/></Shape>
	    <String CONTENT="en France."
                    HPOS="110"
                    VPOS="153"
                    WIDTH="291"
                    HEIGHT="80"></String>
          </TextLine>

          
          
          <TextLine ID="line_2"
                    TAGREFS="LT1381"
                    BASELINE="162 365 581 352 1429 343" 
                    HPOS="161"
                    VPOS="269"
                    WIDTH="1268"
                    HEIGHT="121">
            <Shape><Polygon POINTS="162 365 161 285 267 293 305 285 318 284 318 284 318 284 320 284 320 284 322 284 322 284 322 284 324 284 324 284 325 285 358 311 396 311 428 287 428 285 428 285 430 285 430 285 432 285 432 285 432 285 434 285 434 285 436 285 436 285 436 285 438 285 438 285 438 287 465 309 533 309 584 307 606 287 606 287 606 287 608 287 608 287 608 287 610 287 660 276 660 276 662 276 781 276 781 276 781 276 783 276 783 276 783 276 807 289 814 293 821 289 852 274 852 274 852 274 854 274 854 274 856 274 885 274 885 274 885 274 886 274 886 274 886 274 888 274 888 274 906 289 906 291 912 289 953 278 955 278 955 278 957 278 957 278 957 278 959 278 959 278 959 278 982 291 1002 302 1031 302 1053 291 1095 273 1095 273 1096 273 1096 273 1096 273 1098 273 1098 273 1100 273 1100 273 1100 273 1102 273 1102 273 1124 291 1124 293 1216 296 1229 293 1292 269 1292 269 1294 269 1294 269 1296 269 1296 269 1297 269 1297 269 1297 269 1299 269 1299 269 1323 289 1426 294 1429 343 1428 356 1285 376 1285 376 1283 376 1239 374 1239 374 1239 374 1238 374 1238 374 1207 361 1183 350 1165 361 1145 374 1143 374 1143 374 1143 374 1142 374 1142 374 1140 374 1140 374 1140 374 1082 363 1062 360 1040 363 1010 370 1010 370 1010 370 1008 370 1008 370 1006 370 1006 370 990 365 964 356 912 367 906 367 906 367 905 367 905 367 905 367 903 367 901 367 874 358 861 367 852 374 852 374 850 374 850 374 848 374 848 374 848 374 847 374 847 374 847 374 845 374 827 369 791 356 749 369 745 370 743 370 743 370 743 370 742 370 742 370 740 370 740 370 736 370 709 360 597 360 575 372 573 374 571 374 571 374 571 374 570 374 570 374 568 374 568 374 555 372 470 361 459 370 459 370 457 370 457 370 457 370 456 370 456 370 456 370 454 370 454 370 414 367 401 376 383 388 381 388 381 388 381 388 380 388 380 388 380 388 249 390 247 390 247 390 246 390 246 390 246 390 244 390 229 379 220 374 162 379"/></Shape>
	    <String CONTENT="3. Je lègue la nue-propriété de l’autre moitié de ma fortune"
                    HPOS="161"
                    VPOS="269"
                    WIDTH="1268"
                    HEIGHT="121"></String>
          </TextLine>

          
          
          <TextLine ID="line_3"
                    TAGREFS="LT1381"
                    BASELINE="161 492 1000 490 1442 477" 
                    HPOS="157"
                    VPOS="398"
                    WIDTH="1285"
                    HEIGHT="123">
            <Shape><Polygon POINTS="161 492 157 441 428 437 441 430 506 403 506 403 508 403 508 403 510 403 510 403 604 414 617 403 617 401 617 401 619 401 619 401 619 401 620 401 620 401 620 401 622 401 622 401 680 410 798 401 800 401 800 401 800 401 801 401 845 417 890 432 961 412 972 410 973 410 973 410 975 410 975 410 975 410 977 410 977 410 982 412 1006 421 1037 410 1042 408 1044 408 1044 408 1044 408 1046 408 1046 408 1046 408 1048 408 1048 408 1051 410 1067 417 1080 408 1089 401 1091 401 1091 401 1091 401 1093 401 1093 401 1093 401 1095 401 1095 401 1096 401 1118 407 1196 430 1301 401 1303 401 1305 401 1305 401 1437 398 1442 477 1442 490 1402 490 1402 490 1375 513 1375 513 1373 513 1373 513 1373 513 1372 513 1372 513 1372 515 1319 515 1317 513 1317 513 1315 513 1315 513 1315 513 1276 493 1245 501 1243 501 1243 501 1241 501 1241 501 1241 501 1185 492 1153 515 1151 515 1151 515 1151 515 1149 515 1149 515 1149 515 1147 515 1147 515 1145 515 1145 515 1145 515 1125 506 1075 517 1075 517 1075 519 999 519 997 517 997 517 995 517 995 517 995 517 993 517 970 501 912 495 847 519 847 519 845 519 845 519 845 521 765 521 763 519 763 519 762 519 762 519 762 519 760 519 724 495 640 513 640 513 640 513 638 513 638 513 546 497 490 499 454 519 454 519 454 519 452 519 452 519 452 519 450 519 450 519 448 519 448 519 448 519 447 519 418 499 389 513 389 513 389 513 387 513 387 513 385 513 385 513 385 513 383 513 383 513 362 504 340 513 340 513 338 513 338 513 336 513 336 513 336 513 334 513 334 513 300 499 231 508 231 508 229 508 229 508 159 497"/></Shape>
	    <String CONTENT="à ma soeur M^me Arthur Lévy (Valentine Job) ou à défaut"
                    HPOS="157"
                    VPOS="398"
                    WIDTH="1285"
                    HEIGHT="123"></String>
          </TextLine>

          
          
          <TextLine ID="line_4"
                    TAGREFS="LT1381"
                    BASELINE="159 609 1335 593" 
                    HPOS="155"
                    VPOS="521"
                    WIDTH="1180"
                    HEIGHT="119">
            <Shape><Polygon POINTS="159 609 155 537 177 533 177 533 179 533 179 533 179 533 181 533 181 533 181 533 182 533 186 537 211 553 258 537 269 533 271 533 271 533 271 533 421 530 423 530 423 530 425 530 461 539 497 548 506 539 517 530 517 530 519 530 519 530 519 530 521 530 521 530 521 530 523 530 523 530 524 530 561 540 571 542 575 540 591 528 593 528 593 528 593 528 595 528 595 528 595 528 597 528 597 528 599 528 599 528 599 528 624 540 628 542 637 540 691 526 693 526 693 526 695 526 695 526 695 526 696 526 696 526 698 526 698 526 698 528 714 540 729 555 800 555 809 542 809 542 810 542 810 540 810 540 812 540 812 540 812 540 814 540 814 540 876 537 877 537 877 537 877 537 905 542 937 551 944 544 946 540 948 540 948 539 948 539 950 539 950 539 952 539 952 539 952 539 953 539 953 539 955 539 955 539 955 539 957 539 957 539 962 544 972 551 1055 551 1062 544 1071 537 1071 537 1073 537 1073 537 1073 537 1075 537 1075 537 1077 537 1185 537 1218 521 1218 521 1220 521 1220 521 1220 521 1221 521 1221 521 1221 521 1223 521 1223 521 1225 521 1225 521 1258 546 1259 548 1332 548 1335 593 1334 607 1227 606 1218 611 1189 631 1187 631 1187 631 1187 631 1185 631 1185 631 1185 633 1093 633 1091 631 1091 631 1089 631 1089 631 1089 631 1087 631 1075 622 1028 629 1028 629 1026 629 1026 629 1026 629 1024 629 1024 629 1022 629 1000 616 997 613 991 616 968 631 966 631 966 631 964 631 964 631 964 631 794 636 792 636 792 636 791 636 791 636 791 636 789 636 767 622 763 618 666 613 646 624 626 638 624 638 624 638 624 638 622 638 622 638 622 640 588 640 586 638 586 638 584 638 584 638 582 638 562 625 541 615 336 615 305 631 289 640 289 640 289 640 287 640 287 640 285 640 285 640 285 640 284 640 284 640 284 640 282 640 271 633 253 620 215 618 161 635"/></Shape>
	    <String CONTENT="à son fils Adrien Lévy. Le nu-propriétaire devant devenir"
                    HPOS="155"
                    VPOS="521"
                    WIDTH="1180"
                    HEIGHT="119"></String>
          </TextLine>

          
          
          <TextLine ID="line_5"
                    TAGREFS="LT1381"
                    BASELINE="159 718 1420 687" 
                    HPOS="155"
                    VPOS="622"
                    WIDTH="1265"
                    HEIGHT="132">
            <Shape><Polygon POINTS="159 718 155 660 253 667 276 658 296 649 296 649 298 649 298 649 298 649 300 649 300 649 302 649 302 649 302 649 304 649 304 649 313 656 325 665 392 656 407 654 407 654 409 654 409 654 410 654 410 654 410 654 412 654 412 656 427 663 499 663 512 654 528 642 530 642 530 642 530 642 532 642 532 642 532 642 675 638 676 638 676 638 676 638 678 638 718 651 736 656 785 651 823 645 823 645 825 645 825 645 859 649 892 653 897 649 912 636 912 635 912 635 914 635 914 635 914 635 915 635 915 635 917 635 917 635 917 635 919 635 961 647 970 651 973 647 990 633 990 631 990 631 991 631 991 631 991 631 993 631 993 631 995 631 995 631 1095 644 1131 627 1131 627 1133 627 1133 627 1133 627 1134 627 1134 627 1261 644 1268 644 1272 644 1341 622 1343 622 1343 622 1343 622 1344 622 1344 622 1346 622 1419 642 1420 687 1420 692 1290 712 1290 712 1288 712 1288 712 1203 703 1160 700 1118 709 1048 723 1048 723 1048 723 1046 723 1046 723 1044 723 1044 723 1044 723 1042 723 1042 723 1029 712 1022 705 979 703 680 709 646 730 629 741 628 741 628 741 626 741 626 741 626 741 508 745 506 745 506 745 505 745 505 745 490 739 468 730 441 741 439 741 439 741 438 741 438 741 436 741 428 741 325 736 307 747 304 750 302 750 302 750 302 750 300 750 300 750 300 750 159 754"/></Shape>
	    <String CONTENT="propriétaire de sa part et des revenus de celle-ci à la mort de"
                    HPOS="155"
                    VPOS="622"
                    WIDTH="1265"
                    HEIGHT="132"></String>
          </TextLine>

          
          
          <TextLine ID="line_6"
                    TAGREFS="LT1381"
                    BASELINE="161 850 372 846" 
                    HPOS="155"
                    VPOS="805"
                    WIDTH="217"
                    HEIGHT="61">
            <Shape><Polygon POINTS="161 850 155 812 367 805 372 846 371 859 161 866"/></Shape>
	    <String CONTENT="ma mère."
                    HPOS="155"
                    VPOS="805"
                    WIDTH="217"
                    HEIGHT="61"></String>
          </TextLine>

          
          
          <TextLine ID="line_7"
                    TAGREFS="LT1381"
                    BASELINE="153 995 1451 938" 
                    HPOS="148"
                    VPOS="881"
                    WIDTH="1303"
                    HEIGHT="141">
            <Shape><Polygon POINTS="153 995 148 924 204 920 206 920 206 920 206 920 208 920 208 920 209 920 209 920 209 922 238 942 362 933 405 917 410 915 412 915 412 915 412 915 414 915 414 915 416 915 416 915 416 915 419 917 443 928 470 915 486 908 486 908 488 908 488 908 488 908 552 906 553 906 553 906 553 906 555 906 575 913 615 926 705 913 705 913 707 913 707 913 709 913 740 920 781 908 814 897 816 897 816 897 816 897 818 897 818 897 819 897 850 906 867 910 872 904 879 899 879 899 881 899 881 899 881 899 883 899 883 899 957 895 959 895 959 895 959 895 961 895 981 902 997 908 1006 902 1029 884 1031 884 1031 884 1031 884 1033 884 1033 884 1035 884 1220 884 1220 884 1220 884 1221 884 1221 884 1221 884 1243 895 1247 897 1258 895 1337 881 1337 881 1339 881 1339 881 1339 881 1341 881 1341 881 1343 881 1343 881 1359 893 1361 893 1446 891 1451 938 1449 955 1286 953 1274 962 1272 964 1272 966 1272 966 1270 966 1270 966 1270 966 1268 966 1268 966 1267 966 1267 966 1267 966 1254 964 1243 962 1229 964 1158 982 1158 982 1158 982 1156 982 1156 982 1156 982 1154 982 1154 982 1154 982 1129 969 1120 964 1080 966 1075 971 1066 978 1066 980 1066 980 1064 980 1064 980 1062 980 1062 980 1062 980 1060 980 1060 980 1004 973 950 967 910 971 903 978 886 993 886 993 885 993 885 993 885 993 883 993 883 993 883 993 823 996 821 996 821 996 819 996 819 996 783 982 767 976 731 985 664 1000 664 1000 664 1000 662 1000 662 1000 662 1000 610 989 579 984 517 993 505 995 505 995 503 995 486 995 410 991 396 998 367 1016 365 1016 365 1016 363 1016 363 1016 363 1016 238 1022 237 1022 237 1022 152 1007"/></Shape>
	    <String CONTENT="4. Parmi tous les livres qui m’appartiennent, le légataire désigné"
                    HPOS="148"
                    VPOS="881"
                    WIDTH="1303"
                    HEIGHT="141"></String>
          </TextLine>

          
          
          <TextLine ID="line_8"
                    TAGREFS="LT1381"
                    BASELINE="146 1121 1368 1074" 
                    HPOS="141"
                    VPOS="1004"
                    WIDTH="1227"
                    HEIGHT="152">
            <Shape><Polygon POINTS="146 1121 141 1074 255 1049 255 1049 255 1049 257 1049 349 1056 363 1045 363 1043 365 1043 365 1043 365 1043 367 1043 367 1043 421 1038 423 1038 461 1038 461 1038 461 1038 463 1038 463 1038 463 1038 497 1054 499 1056 503 1054 532 1034 533 1034 533 1034 533 1034 535 1034 535 1034 535 1034 604 1033 606 1033 606 1033 608 1033 608 1033 608 1033 610 1033 610 1033 628 1047 637 1056 655 1056 713 1043 758 1034 758 1034 760 1034 760 1034 760 1034 762 1034 762 1034 762 1034 772 1040 785 1047 874 1036 874 1036 876 1036 955 1042 991 1029 999 1025 999 1025 1000 1025 1000 1025 1002 1025 1002 1025 1002 1025 1004 1025 1010 1027 1046 1038 1162 1036 1198 1016 1218 1007 1218 1007 1218 1007 1220 1007 1220 1007 1221 1007 1263 1007 1263 1007 1263 1007 1265 1007 1265 1007 1265 1007 1267 1007 1274 1013 1296 1029 1319 1011 1326 1004 1326 1004 1328 1004 1328 1004 1328 1004 1330 1004 1330 1004 1330 1004 1332 1004 1332 1004 1363 1009 1368 1074 1368 1094 1344 1103 1344 1103 1343 1103 1343 1103 1341 1103 1341 1103 1297 1098 1254 1090 1218 1099 1182 1109 1180 1109 1180 1109 1178 1109 1178 1109 1147 1105 1124 1121 1122 1121 1122 1121 1122 1121 1120 1121 1120 1121 1120 1121 1039 1125 1037 1125 937 1123 937 1123 937 1123 935 1123 897 1110 881 1105 769 1107 756 1114 740 1123 740 1123 740 1123 738 1123 738 1123 738 1123 736 1123 736 1123 734 1123 734 1123 734 1123 720 1116 709 1110 695 1116 658 1132 658 1132 657 1132 657 1132 655 1132 655 1132 655 1132 595 1119 573 1116 550 1121 535 1125 533 1125 533 1125 532 1125 465 1125 389 1123 383 1127 354 1150 354 1150 352 1150 352 1150 352 1150 351 1150 351 1150 238 1156 237 1156 237 1156 237 1156 144 1134"/></Shape>
	    <String CONTENT="au paragraphe 2 choisira tous ceux qu’il jugera utiles et"
                    HPOS="141"
                    VPOS="1004"
                    WIDTH="1227"
                    HEIGHT="152"></String>
          </TextLine>

          
          
          <TextLine ID="line_9"
                    TAGREFS="LT1381"
                    BASELINE="157 1253 1381 1213" 
                    HPOS="155"
                    VPOS="1137"
                    WIDTH="1226"
                    HEIGHT="133">
            <Shape><Polygon POINTS="157 1253 155 1186 209 1203 372 1199 387 1186 387 1185 387 1185 389 1185 389 1185 390 1185 390 1185 390 1185 392 1185 392 1185 394 1185 394 1185 394 1185 396 1185 396 1185 410 1195 467 1195 506 1179 506 1179 508 1179 508 1179 510 1179 510 1179 510 1179 512 1179 512 1179 543 1192 573 1174 602 1159 602 1159 602 1159 604 1159 604 1159 604 1159 606 1159 657 1161 657 1161 657 1161 658 1161 658 1161 658 1161 678 1172 684 1175 687 1172 705 1156 705 1156 707 1156 707 1156 707 1156 709 1156 709 1156 709 1156 711 1156 711 1156 787 1165 848 1152 848 1152 848 1152 850 1152 850 1152 850 1152 852 1152 852 1152 852 1152 854 1152 874 1166 894 1181 932 1181 984 1163 1010 1156 1011 1156 1011 1156 1011 1156 1013 1156 1013 1156 1015 1156 1015 1156 1031 1163 1060 1174 1075 1161 1096 1143 1096 1143 1098 1143 1098 1143 1098 1143 1100 1143 1100 1143 1100 1143 1286 1137 1288 1137 1288 1137 1290 1137 1290 1137 1290 1137 1323 1154 1332 1159 1373 1154 1381 1213 1379 1224 1290 1233 1290 1233 1288 1233 1288 1233 1258 1230 1223 1224 1214 1232 1207 1237 1207 1237 1205 1237 1205 1237 1205 1237 1203 1237 1203 1237 1201 1237 1201 1237 1156 1233 1104 1228 1057 1230 1051 1237 1039 1246 1039 1248 1039 1248 1037 1248 1037 1248 1037 1248 1035 1248 1035 1248 1033 1248 1033 1248 1033 1248 1031 1248 1000 1239 991 1235 982 1239 957 1250 957 1250 955 1250 955 1250 955 1250 879 1253 877 1253 877 1253 877 1253 829 1244 800 1239 754 1246 733 1250 733 1250 731 1250 731 1250 731 1250 729 1250 722 1248 705 1242 695 1248 678 1259 676 1259 676 1259 675 1259 675 1259 675 1259 673 1259 673 1259 673 1259 637 1250 610 1244 581 1251 543 1264 541 1264 541 1264 539 1264 539 1264 539 1264 495 1255 476 1251 463 1257 436 1268 436 1268 434 1268 434 1268 434 1270 249 1270 247 1268 247 1268 246 1268 246 1268 246 1268 244 1268 240 1264 229 1257 157 1266"/></Shape>
	    <String CONTENT="pourra en faire don à la bibliothèque de la S.T. de France."
                    HPOS="155"
                    VPOS="1137"
                    WIDTH="1226"
                    HEIGHT="133"></String>
          </TextLine>

          
          
          <TextLine ID="line_10"
                    TAGREFS="LT1381"
                    BASELINE="150 1373 1464 1313" 
                    HPOS="142"
                    VPOS="1239"
                    WIDTH="1322"
                    HEIGHT="154">
            <Shape><Polygon POINTS="150 1373 142 1289 231 1284 233 1284 233 1284 233 1284 235 1284 235 1284 237 1284 238 1286 266 1302 284 1284 285 1284 285 1282 285 1282 287 1282 287 1282 287 1282 289 1282 289 1282 352 1279 354 1279 354 1279 356 1279 369 1280 421 1295 467 1279 479 1273 479 1273 481 1273 481 1273 483 1273 483 1273 483 1273 485 1273 485 1273 486 1273 492 1277 505 1284 552 1275 557 1275 557 1275 559 1275 559 1275 559 1275 561 1275 561 1275 561 1275 562 1275 562 1275 595 1300 622 1300 700 1297 745 1270 747 1268 749 1268 749 1268 751 1268 751 1268 751 1268 753 1268 753 1268 753 1268 754 1268 754 1268 758 1270 783 1280 803 1268 814 1259 816 1259 816 1259 816 1259 818 1259 818 1259 818 1259 819 1259 819 1259 821 1259 821 1259 821 1259 823 1259 834 1266 865 1288 908 1275 910 1275 910 1275 912 1275 912 1275 912 1275 914 1275 914 1275 935 1284 1077 1279 1100 1257 1111 1248 1111 1248 1113 1248 1113 1248 1113 1248 1115 1248 1143 1242 1143 1242 1143 1242 1225 1241 1227 1241 1227 1241 1229 1241 1229 1241 1229 1241 1252 1253 1283 1268 1364 1266 1386 1248 1388 1246 1388 1246 1390 1246 1390 1246 1390 1246 1391 1246 1391 1246 1393 1246 1393 1246 1393 1246 1395 1246 1401 1248 1411 1251 1422 1248 1442 1239 1442 1239 1444 1239 1444 1239 1444 1239 1446 1239 1446 1239 1448 1239 1448 1239 1448 1239 1462 1246 1464 1313 1460 1336 1431 1326 1410 1338 1408 1340 1406 1340 1406 1340 1404 1340 1404 1340 1404 1340 1330 1344 1328 1344 1328 1344 1326 1344 1317 1342 1283 1333 1239 1342 1239 1342 1239 1342 1238 1342 1138 1336 1073 1349 1051 1353 1051 1353 1049 1353 1049 1353 1049 1353 1048 1353 1048 1353 1046 1353 1042 1351 1026 1342 955 1342 760 1358 760 1358 758 1358 758 1358 720 1353 702 1362 691 1365 691 1365 689 1365 689 1365 689 1365 687 1365 687 1365 664 1362 637 1358 599 1364 550 1373 550 1373 548 1373 548 1373 548 1373 546 1373 528 1367 512 1362 485 1362 477 1369 459 1384 459 1384 457 1384 457 1384 457 1384 456 1384 456 1384 456 1384 454 1384 454 1384 410 1378 309 1391 309 1391 307 1391 307 1391 233 1380 202 1393 202 1393 200 1393 200 1393 200 1393 199 1393 199 1393 197 1393 146 1378"/></Shape>
	    <String CONTENT="5. le coffret de fer placé dans le placard de ma chambre contient"
                    HPOS="142"
                    VPOS="1239"
                    WIDTH="1322"
                    HEIGHT="154"></String>
          </TextLine>

          
          
          <TextLine ID="line_11"
                    TAGREFS="LT1381"
                    BASELINE="159 1492 1335 1441" 
                    HPOS="155"
                    VPOS="1371"
                    WIDTH="1180"
                    HEIGHT="132">
            <Shape><Polygon POINTS="159 1492 155 1432 320 1432 354 1431 367 1420 378 1411 378 1411 380 1411 380 1411 380 1411 381 1411 381 1411 383 1411 383 1411 383 1411 385 1411 385 1411 403 1418 425 1427 528 1425 543 1411 552 1403 552 1403 553 1403 553 1403 553 1403 555 1403 555 1403 617 1398 617 1398 696 1396 698 1396 698 1396 700 1396 700 1396 716 1402 740 1411 763 1402 763 1402 765 1402 765 1402 765 1402 767 1402 767 1402 769 1402 769 1402 769 1402 771 1402 771 1402 783 1412 841 1402 841 1402 843 1402 843 1402 906 1407 923 1391 926 1389 926 1387 926 1387 928 1387 928 1387 928 1387 930 1387 930 1387 1037 1380 1039 1380 1039 1380 1039 1380 1040 1380 1057 1385 1100 1398 1125 1382 1125 1380 1127 1380 1127 1380 1127 1380 1129 1380 1129 1380 1203 1373 1203 1373 1205 1373 1205 1373 1207 1373 1207 1373 1207 1373 1214 1376 1248 1393 1328 1371 1335 1441 1334 1450 1267 1452 1263 1454 1210 1472 1209 1472 1209 1472 1209 1472 1207 1472 1207 1472 1207 1472 1145 1459 1140 1459 1134 1459 1040 1479 1040 1479 1040 1479 1039 1479 905 1470 894 1470 892 1470 877 1483 877 1485 877 1485 876 1485 876 1485 876 1485 874 1485 874 1485 872 1485 597 1485 548 1485 541 1487 494 1503 492 1503 492 1503 492 1503 490 1503 363 1494 340 1494 159 1503"/></Shape>
	    <String CONTENT="des documents qui n’intéressent en aucune façon ma famille,"
                    HPOS="155"
                    VPOS="1371"
                    WIDTH="1180"
                    HEIGHT="132"></String>
          </TextLine>

          
          
          <TextLine ID="line_12"
                    TAGREFS="LT1381"
                    BASELINE="170 1619 890 1573 1413 1550" 
                    HPOS="162"
                    VPOS="1474"
                    WIDTH="1251"
                    HEIGHT="159">
            <Shape><Polygon POINTS="170 1619 162 1543 190 1541 191 1541 191 1541 191 1541 193 1541 193 1541 193 1541 193 1541 233 1563 311 1546 311 1546 311 1546 313 1546 313 1546 314 1546 342 1554 383 1532 390 1528 390 1528 390 1528 392 1528 392 1528 392 1528 436 1526 438 1526 438 1526 438 1526 439 1526 439 1526 441 1526 441 1526 441 1528 443 1530 454 1539 470 1528 476 1525 477 1525 477 1525 479 1525 479 1525 479 1525 481 1525 481 1525 497 1526 584 1543 637 1539 666 1519 675 1512 676 1512 676 1512 676 1512 678 1512 678 1512 678 1512 834 1505 836 1505 836 1505 838 1505 838 1505 838 1505 850 1510 865 1519 876 1510 885 1501 885 1501 886 1501 886 1501 886 1501 888 1501 888 1501 888 1501 890 1501 890 1501 892 1501 892 1501 910 1508 926 1514 981 1508 981 1508 982 1508 982 1508 984 1508 984 1508 984 1508 986 1508 986 1508 1000 1519 1058 1517 1078 1501 1093 1488 1093 1488 1095 1488 1095 1488 1095 1488 1096 1488 1096 1488 1098 1488 1098 1488 1098 1488 1142 1497 1191 1508 1315 1492 1315 1492 1317 1492 1317 1492 1319 1492 1319 1492 1339 1499 1363 1488 1391 1474 1391 1474 1391 1474 1393 1474 1393 1474 1395 1474 1395 1474 1395 1474 1397 1474 1397 1474 1397 1474 1399 1474 1399 1474 1411 1485 1413 1550 1413 1572 1225 1586 1223 1586 1223 1586 1223 1586 1221 1586 1203 1583 1160 1570 1104 1572 1084 1586 1069 1599 1069 1599 1067 1599 1067 1599 1066 1599 1066 1599 1066 1599 890 1608 888 1608 888 1608 886 1608 886 1608 886 1608 865 1597 854 1592 729 1595 722 1602 709 1613 709 1613 707 1613 707 1613 707 1613 705 1613 705 1613 705 1613 704 1613 704 1613 653 1606 620 1601 613 1608 611 1608 611 1610 611 1610 610 1610 610 1610 610 1610 608 1610 608 1610 608 1610 606 1610 581 1610 530 1606 524 1611 517 1617 517 1619 517 1619 515 1619 515 1619 515 1619 514 1619 514 1619 512 1619 512 1619 512 1619 510 1619 510 1619 495 1613 490 1610 483 1613 459 1624 459 1624 459 1624 457 1624 457 1624 456 1624 456 1624 456 1624 412 1617 392 1613 338 1619 220 1633 220 1633 219 1633 219 1633 168 1626"/></Shape>
	    <String CONTENT="le remettre intact, sans l’ouvrir à M^r Georges Chevrin ^(1) dont"
                    HPOS="162"
                    VPOS="1474"
                    WIDTH="1251"
                    HEIGHT="159"></String>
          </TextLine>

          
          
          <TextLine ID="line_13"
                    TAGREFS="LT1381"
                    BASELINE="170 1744 514 1724 722 1700 1471 1664" 
                    HPOS="162"
                    VPOS="1599"
                    WIDTH="1309"
                    HEIGHT="186">
            <Shape><Polygon POINTS="170 1744 162 1682 235 1664 235 1664 235 1664 237 1664 237 1664 237 1664 238 1664 276 1675 298 1657 298 1657 300 1657 300 1657 300 1657 302 1657 302 1657 304 1657 304 1657 304 1657 305 1657 305 1657 338 1671 342 1673 345 1671 372 1660 372 1660 374 1660 374 1660 376 1660 376 1660 436 1668 447 1668 450 1666 490 1646 490 1646 490 1646 492 1646 492 1646 494 1646 494 1646 494 1646 495 1646 495 1646 532 1662 537 1664 626 1662 640 1657 695 1637 695 1637 696 1637 696 1637 762 1631 763 1631 763 1631 763 1631 765 1631 765 1631 765 1631 767 1631 781 1642 827 1628 829 1628 829 1628 829 1628 830 1628 830 1628 830 1628 832 1628 877 1644 881 1644 1129 1635 1136 1630 1171 1610 1172 1610 1172 1610 1174 1610 1174 1610 1174 1610 1176 1610 1176 1610 1178 1610 1229 1624 1234 1626 1245 1624 1368 1599 1368 1599 1368 1599 1370 1599 1370 1599 1466 1613 1471 1664 1471 1675 1390 1693 1390 1693 1390 1693 1388 1693 1388 1693 1386 1693 1361 1686 1315 1724 1315 1724 1314 1724 1314 1724 1314 1724 1312 1724 1312 1724 1310 1724 1310 1724 1310 1724 1308 1724 1308 1724 1308 1724 1283 1711 1227 1724 1227 1724 1227 1724 1225 1724 1225 1724 1223 1724 1147 1704 1105 1713 1105 1713 1105 1713 1104 1713 1104 1713 1102 1713 1086 1709 1048 1698 944 1702 780 1720 753 1736 738 1745 736 1745 736 1745 734 1745 734 1745 734 1745 733 1745 733 1745 733 1745 731 1745 731 1745 729 1745 720 1740 687 1720 644 1720 615 1733 615 1733 613 1733 613 1733 613 1733 611 1733 611 1733 611 1733 610 1733 586 1725 539 1754 528 1762 526 1762 526 1762 526 1762 524 1762 524 1762 305 1778 304 1778 304 1778 284 1776 233 1771 170 1785"/></Shape>
	    <String CONTENT="il est la propriété - ou à defaut à son successeur désigné par lui."
                    HPOS="162"
                    VPOS="1599"
                    WIDTH="1309"
                    HEIGHT="186"></String>
          </TextLine>

          
          
          <TextLine ID="line_14"
                    TAGREFS="LT1381"
                    BASELINE="153 2015 1042 1975" 
                    HPOS="148"
                    VPOS="1912"
                    WIDTH="894"
                    HEIGHT="137">
            <Shape><Polygon POINTS="153 2015 150 1953 193 1953 193 1953 193 1953 195 1953 195 1953 195 1953 197 1953 224 1970 381 1964 403 1941 407 1939 407 1937 407 1937 409 1937 409 1937 409 1937 410 1937 410 1937 514 1932 515 1932 515 1932 515 1932 517 1932 528 1935 588 1953 620 1930 620 1930 622 1930 622 1930 622 1930 624 1930 624 1930 624 1930 626 1930 626 1930 628 1930 628 1930 628 1930 629 1930 629 1930 629 1930 657 1950 709 1950 729 1948 751 1924 754 1923 754 1921 754 1921 756 1921 756 1921 756 1921 758 1921 758 1921 791 1919 792 1919 792 1919 792 1919 794 1919 794 1919 794 1919 800 1923 838 1943 870 1943 905 1941 921 1919 923 1919 923 1917 923 1917 924 1917 924 1917 924 1917 926 1917 928 1915 952 1912 952 1912 953 1912 1039 1912 1042 1975 1040 1991 928 2011 928 2011 926 2011 926 2011 926 2011 924 2011 924 2011 924 2011 901 1999 899 1999 778 2000 762 2006 680 2028 678 2028 678 2028 676 2028 676 2028 675 2028 617 2013 602 2009 582 2015 559 2022 557 2022 557 2022 557 2022 555 2022 503 2019 467 2017 452 2022 396 2040 394 2040 394 2040 394 2040 171 2049 170 2049 170 2049 170 2049 168 2049 168 2049 168 2049 166 2049 148 2037"/></Shape>
	    <String CONTENT="(1) adresse 102 Bdboulevard Victor-Hugo StSaintOuen (Seine)"
                    HPOS="148"
                    VPOS="1912"
                    WIDTH="894"
                    HEIGHT="137"></String>
          </TextLine>

          
        </TextBlock>
        
        <TextBlock HPOS="767"
                   VPOS="57"
                   WIDTH="735"
                   HEIGHT="146"
                   ID="eSc_textblock_a73059b9"
                   TAGREFS="BT4216">
          <Shape><Polygon POINTS="767 188 803 150 809 65 953 57 1473 57 1502 101 1499 203 770 203"/></Shape>
          
        </TextBlock>
        

        
      </PrintSpace>
    </Page>
  </Layout>
</alto>
