2455 3825
972.0 239.0 988.0 114.0 Ceci est mon testament

475.0 525.0 969.0 138.0 Ma fortune comprend :

436 602 1881 185 1) Des titres au porteur qui sont dans le coffe 20/17

471.0 710.0 1709.0 134.0 de la Société Générale 134 rue Reaumur : le

398.0 806.0 931.0 172.0 chiffre est : 3-2-1.

357.0 895.0 1980.0 134.0 2) Des titres nominatifs en dépôt à la dite banque,

385 997 1971 147 3) Mon cautionnement (5000) de mandataire,

503.0 1093.0 1094.0 150.0 déposé à l’Hôtel.de.Ville

656.0 1185.0 1693.0 131.0 Je dois à mon beau frère, le comte du Verdier

449.0 1275.0 1786.0 137.0 demeurant, à Stenay, la somme de trente

455.0 1383.0 1805.0 134.0 mille francs, plus mille francs qu’il m’a

465.0 1488.0 1773.0 124.0 prêtée : ces sommes seront remboursées

455.0 1577.0 801.0 112.0 immédiatement.

475.0 1667.0 1871.0 133.0 Ma charge sera vendue au moment le plus

443.0 1765.0 1709.0 112.0 favorable et le montant reviendra à

462.0 1864.0 504.0 112.0 mes parents.

586.0 1947.0 1607.0 131.0 Je laisse à mon amie la plus chère,

449.0 2049.0 1849.0 144.0 Alex Mansion, épouse Chanat, la somme de

430.0 2145.0 1859.0 137.0 vingt mille francs, nette de tous frais et droits

443.0 2240.0 1887.0 118.0 Elle n’a cessé de m’entourer des soins les plus

455.0 2333.0 1875.0 127.0 tendres et les plus désintéressés : je veux l’en

462.0 2432.0 1875.0 133.0 remercier et assurer la tranquillité matérielle

465.0 2556.0 472.0 102.0 de sa vie.

452.0 2620.0 1728.0 143.0 Je luis laisse le mobilier de la salle à

424.0 2725.0 1900.0 121.0 manger et de la chambre à coucher, et tout

414.0 2820.0 1923.0 141.0 ce qui, dans l’appartement, lui appartient

452.0 2929.0 1869.0 118.0 ou lui convient. Elle ne quittera mon appartement

449.0 3015.0 1706.0 124.0 où elle habite, que lorsqu’elle le pourra.

446.0 3107.0 1868.0 153.0 Le reste de ma fortune ira à mes parents

417.0 3209.0 1929.0 227.0 et je désire qu’après leur mort, ils laissent
