1864 3086
396 126 1161 141 Paris le 3 Aout 1914

648 488 948 134 Partant a la guerre.

151 604 1452 126 Je par comme l’on doit faire ce

270 686 1251 139 qu’un patriote doit faire

406 779 1257 121 Si le malheur marrivais

247 882 1488 131 je desire que tous ce qui appar-

218 979 1419 90 tient a moi et a ma femme

223 1046 1538 129 Ma femme Marie Castel.Bricaud

190 1152 1493 126 de jouir a son grée de tous ce

229 1254 1400 119 que nous possedons. sans que

216 1337 1418 115 Aucun de ma famille puisse

195 1437 1200 90 réclamer quoique ce soi.

383 1506 1380 114 Tant qua notre fils Eugène

213 1615 1527 108 Bricaud. elle sarrangera comme

249 1676 1457 144 il lui plairat celon ses moyent.

211 1789 1542 108 pour lui donner soit instruction

195 1872 1522 108 >soit< ou lui donner un metier

211 1977 1259 111 pour pouvoir ce debrouiller.

180 2059 1351 114 2^eme.  Je Declare que Monsieur

193 2139 1593 126 Capou me doit la somme de 80^f 00

193 2237 1583 123 dont jen est aucun reçut.

275 2317 1519 138 M^r Capou. cafe.  12 Av Daumesnil

296 2455 309 80 Paris.

617 2507 912 118 Fait a Paris : le

978 2605 492 108 3 Aout 1914

677 2723 713 242 P Bricaud
