2511 3879
132.0 90.0 618.0 149.0 Page deuxième

653.0 171.0 1747.0 110.0 y consent, mes parents pourront

543.0 277.0 1809.0 110.0 racheter cette succession moyennant

553.0 413.0 1831.0 104.0 une somme au minimum de - douze

550.0 520.0 1692.0 123.0 mille francs. à verser à Pierre

543.0 636.0 1867.0 123.0 Boiteux en échange de son renoncement

569.0 759.0 770.0 107.0 à ma succession.

647.0 872.0 1488.0 126.0 Je désirerais même que cette

527.0 995.0 1754.0 113.0 dernière solution soit adoptée, mais

537.0 1105.0 1695.0 126.0 je laisse Pierre Boiteux entièrement

530.0 1215.0 388.0 197.0 libre.

618.0 1341.0 1734.0 120.0 Dans le cas où Pierre Boiteux serait

524.0 1467.0 1860.0 123.0 tué lui aussi au feu. les autres façons,

1711.0 1428.0 537.0 97.0 ou mort de toutes

530.0 1587.0 1780.0 126.0 précédents disposition sont annulés

520.0 1722.0 1583.0 117.0 de ce fait, et ma succession

530.0 1829.0 1809.0 129.0 revient de plein droit à mes

540.0 1942.0 1653.0 126.0 Parents (mon père et ma mère) et ne

543.0 2055.0 1563.0 143.0 passe pas à la famille Boiteux.

569.0 2178.0 1783.0 126.0 Je demande cependant à mon père

533.0 2291.0 1855.0 139.0 de s’occuper de la famille Boiteux et

540.0 2417.0 637.0 123.0 de la secourir.

734.0 2553.0 1602.0 120.0 Je tiens à récompenser par ce

495.0 2676.0 1805.0 94.0 qui précède le devouement de

540.0 2779.0 1828.0 130.0 mon serviteur Pierre Boiteux qui était

537.0 2918.0 1530.0 107.0 pour moi un vrai ami.

563.0 3025.0 1731.0 123.0 Donc, si Pierre Boiteux est mort à

504.0 3145.0 1832.0 119.0 l’ouverture de ce testament, je laisse

527.0 3274.0 1838.0 120.0 à mes Parents tout ce que je posséde

520.0 3381.0 1725.0 132.0 mais à condition de le laisser à

566.0 3500.0 1854.0 130.0 leur tour à madame Marie Michel

511.0 3630.0 1851.0 174.0 née Robeyrotte, nos vieux amis
