1629 3056
109 384 1198 115 Je soussigne Lucien Cocset sans

48 438 1501 150 profession, Domicilié a La Fére actuellement

112 544 1330 115 Soldat dans l’Infanterie Coloniale

43 636 1325 130 jeur né a La Fére le 22 aôut 1895

127 725 1377 148 Ai fait mon testament comme suit

214 820 1119 117 Je lègue a Madame Azéma

117 921 1229 128 Germain, ma mère, veuve en

66 998 1310 127 premières Noces de Jules Cocset

99 1095 1196 99 et épouse en seconde noces de

50 1181 1329 110 Monsieur Debeauvois, la quotité

61 1263 1445 127 la plus large dont la loi me permet

63 1357 1402 122 de disposer dans tous les biens et

71 1454 1328 102 droits mobiliers et immobiliers qui

66 1545 1348 125 m’appartiendront au jour de mon

66 1640 1399 109 décés et composeront ma succession

68 1734 1415 112 sans aucune exception pour ma

86 1808 1224 119 légataire, en jouir et disposer

91 1899 1405 123 comme de chose lui appartenant

193 2001 1053 128 en pleine propriété

390 2225 1124 176 Fait a Paris le 10 Février 1917

463 2426 569 250 Lucien Cocset
