2496 3840
57 236 106 816 Les registres de reçus a souche, sont

201 243 80 838 de Sceaux - qui fait mes recouvrements

99 233 125 976 dans les mains de MrMonsieur Vicher 1 avenue

115 2937 102 563 Il aura 1500 frs de sa mère

48 1648 102 1881 Pour faire vivre mon fils il suffirait de depenser honnetement, ce qui lui est necessaire

163 2598 102 954 la pension que l etat lui devra a ma mort

192 2371 124 1181 Dr.J.Adain

313 64 1751 163 M Jaillet me doit 1800 frsfrancs dont le reçu est

323 198 723 125 sous cette enveloppe.

329 284 2007 138 Il reste à toucher un certain nombre d’honoraires de 1913

310 377 2038 163 de 1914 et de 1916. Mes livres sont ici, il y aurait

275 502 1926 144 lieu de poursuivre le reglement de ces notes pour

300 614 1812 122 toutes les juridictions, au cas de mon deces, en tous cas

297 726 781 128 pour les plus fortes notes.

288 803 1952 131 Les dettes des memoirs, et de la maison seraient donc

294 908 2003 132 largement payées, et la maison appartiendrait à mon fils.

272 1011 1856 118 L’excédent sera placé en bonnes rentes sures qu’il ne

278 1110 1158 122 pourra toucher qu’a sa majorité.

256 1212 1897 119 D’autre part ma clientelle peut être vendue, ainsi

281 1308 1818 125 que l’auto. Les clientèles se vendent chez Breitel

278 1408 1872 124 et Pons, B^d S^tMichel. En cas de decèsdécès, il serait facile

291 1536 1856 112 de la vendre au moins 5000 fr. sans le matériel.

275 1638 1853 99 Ma maison sera habitée ou louée. Si elle est habitée

297 1734 2045 125 par M Jaillet et sa famille, je crois juste de demander

300 1843 2020 125 à M Jaillet une somme de 5mille francs par an. Cette

265 1948 2048 122 somme sera placée en capitalisation. Le produit appartiendra

272 2060 2038 128 a mon fils a sa majorité et sera placé par lui. Néanmoins

252 2163 2036 121 pour remercier M Jaillet d’avoir elevé mon fils, avec le

297 2262 1981 128 même amour que les siens, les 5 premiers mille francs

300 2377 1856 131 capitalisés appartiendront a Simone Jaillet et seront

313 2467 1959 150 placés pour elle. Il est bien entendu que ces 5 mille francs

323 2598 2022 115 ne pourront provenir que de cette location de ma maison

307 2688 1817 150 a M Jaillet. Au cas ou elle serait louée a des 1/3tiers, mon

326 2793 1920 151 mobilier sera placé dans un petit logement jusqu’a la majorité

320 2880 2067 169 de mon fils et le loyer de ce logement sera payé par M Jaillet

284 3001 2055 128 sur le montant de la location. Ma maison peut etre louée au

348 3113 1844 119 moins 3000 frs par an. Même dans ce cas, je maintiens

339 3200 1878 147 que -5000-  frs devront être donnés a Simone Jaillet sur le

352 3296 1926 147 produit de ma location- Les papiers qui me sont personnels

329 3382 1968 173 (Lettres de ma femme) seront brûlés sans qu on en lise un seul)

345 3497 1975 147 j’en ai fait un paquet- En dehors de ce que j’ai annoncé

1878 3568 464 150 Dr.J.Adain

358 3593 1331 154 je ne dois rien a personne a cette date.

1241 3644 675 167 5 novembre 1916

256 2566 86 272 Le reste sera placé et les rentes seront capitalisées
