1639 2182
174 87 497 138 Page premiére

474.0 303.0 782.0 107.0 J’exprime ici mes dernières volontés :

307.0 463.0 1071.0 117.0 1. Je laisse à ma mère l’usufruit de la totalité

409.0 610.0 682.0 113.0 de ma fortune jusqu’à sa mort.

291.0 770.0 1235.0 140.0 2. Je lègue la nue-propriété de la moitié de ma fortune

311 929 1040 120 à M^r Charles Blech - secrétaire général de la Société

331.0 1045.0 1024.0 127.0 Théosophique de France - 21 Avenue Montaigne Paris 8^e -

296.0 1196.0 1073.0 118.0 ou à son successeur désigné par lui - ou à défaut à

289.0 1312.0 1111.0 142.0 M^me Annie Besant présidente de la Société Théosophique

307.0 1443.0 1111.0 133.0 Adyar (Indes Anglaises) - ou à son successeur désigné

305.0 1563.0 1168.0 133.0 par elle. Le nu-propriétaire devant devenir propriétaire

283.0 1707.0 970.0 109.0 de sa part et des revenus à la mort de ma mère.

298.0 1807.0 1177.0 153.0 Ces fonds devront être employés pour la Société Théosophique
