2455 3825
972 239 988 114 Ceci est mon testament

516 468 925 191 Ma fortune comprend :

420 608 1926 172 1) Des titres au porteur qui sont dans le coffe 20/17

475 710 1718 134 de la Société générale 134 rue Reaumur : le

503 806 823 140 chiffre est : 3-2-1.

366 892 1967 153 2) Des titres nominatifs en dépôt à la dite banque,

376 997 1980 153 3) Mon cautionnement (5000^f) de mandataire,

503 1093 1094 150 déposé à l’Hôtel.de.Ville

653 1185 1706 137 Je dois à mon beau frère, le comte du Verdier

449 1275 1786 137 demeurant, à Stenay, la somme de trente

455 1383 1805 134 mille francs, plus mille francs qu’il m’a

465 1488 1773 124 prêtée : ces sommes seront remboursées

484 1577 765 109 immédiatement.

545 1670 1798 130 Ma charge sera vendue au moment le plus

494 1765 1654 122 favorable et le montant reviendra à

462 1864 504 112 mes parents.

685 1950 1505 141 Je laisse à mon amie la plus chère,

462 2043 1833 146 Alex Mansion, épouse Chanat, la somme de

462 2142 1824 137 vingt mille francs, nette de tous frais et droits

443 2240 1887 118 Elle n’a cessé de m’entourer des soins les plus

455 2333 1875 127 tendres et les plus désintéresſés : je veux l’en

462 2432 1875 133 remercier et asſurer la tranquillité matérielle

465 2556 472 102 de sa vie.

452 2620 1728 143 Je luis laisſe le mobilier de la salle à

424 2725 1900 121 manger et de la chambre à coucher, et tout

414 2820 1923 141 ce qui, dans l’appartement, lui appartient

449 2926 1907 140 ou lui convient. Elle ne quittera mon appartement

449 3015 1706 124 où elle habite, que lorsqu’elle le pourra.

446 3107 1868 153 Le reste de ma fortune ira à mes parents

459 3206 1884 226 et je désire qu’après leur mort, ils laisſent
