1611 2182
211 118 1190 132 6. Je prie ma soeur Valentine de subvenir, le cas échéant,

820 90 66 50 (1)

298 241 1056 133 aux premiers besoins de mon frère Gustave - Qu’elle

307 380 1240 130 agisse amicalement et avec mesure. (1) sinon mon neveu Adrien Lévi

251 538 1223 140 7. J’adresse une pensée de reconnaissance à ma chère maman.

309 658 1078 140 pour tous les bons soins qu’elle m’a donnés pendant le

313 809 648 151 temps que j’ai passé auprès d’elle.

309 947 1099 133 A tous frère, soeur, beau-frère, neveu, je recommande

311 1078 1050 133 de penser le plus possible aux idées élevées qui seules

318 1212 841 131 peuvent réellement vous soutenir dans la vie.

444 1340 950 161 Je tiens à affirmer ici la Réalité des Vérités,

298 1458 1203 169 contenues dans les enseignements Théosophiques, et je renouvelle

278 1589 1110 149 l’expression de ma reconnaissance à Ceux qui nous les ont

294 1729 224 192 apportées.

542 1827 300 116 fait en double.

875 1865 492 109 Paris le 29 juillet 1914

1203 1945 120 127 M. Job
