1689 3104
334.0 281.0 1124.0 114.0 Je soussigné Albert Auguste

98.0 356.0 1404.0 130.0 Bunet, Clerc de notaire demeurant a

88.0 452.0 1334.0 124.0 Paris, Boulevard Magenta n°numéro 60

290.0 563.0 1331.0 156.0 ai fait montestament dela manière

69.0 664.0 335.0 96.0 suivante :

316.0 775.0 1049.0 132.0 J’institue pour ma légataire

59.0 884.0 1438.0 104.0 universelle Catherine Sauer ma femme

59.0 977.0 808.0 101.0 demeurant avec moi.

328.0 1083.0 1192.0 119.0 Je lui lègue en consèquence la

56.0 1166.0 1513.0 122.0 toute-propriété del’universalité desbiens

59.0 1277.0 1505.0 114.0 qui dépendront de ma succession au

59.0 1363.0 1531.0 119.0 jour de mon décès, sans aucune exception

67.0 1466.0 1505.0 122.0 ni réserve. J’ajoute d’ailleurs que

59.0 1549.0 1508.0 129.0 les reprises de ma femme absorberont

67.0 1647.0 1469.0 127.0 et au delà, l’actif que nouspossédons

72.0 1756.0 1495.0 121.0 et enraison de ce fait, je prie ma Mère

62.0 1854.0 1484.0 114.0 qui est ma seule héritière aréserve, de

75.0 1950.0 1461.0 127.0 faciliter a ma femme dans toute la

77.0 2046.0 1443.0 150.0 mesuredupossible, leréglement de ma

75.0 2154.0 380.0 93.0 succession.

186.0 2263.0 1303.0 142.0 Jerévoque toutes dispositions

59.0 2361.0 417.0 109.0 antérieures

183.0 2475.0 1316.0 145.0 Fait et signé a Paris le trois

44.0 2591.0 1259.0 132.0 août mil neuf cent quatorze

1025 2734 179 163 Bunet.

917.0 49.0 580.0 155.0 Page unique
