2116 3216
579.0 166.0 1300.0 102.0 Ceci est mon testament :

447.0 249.0 1521.0 128.0 Je soussigné Barouh Israël entrep

1879.0 348.0 73.0 64.0 ant

415.0 340.0 1540.0 123.0 reneur de transports en librairie demeur

429 439 1507 107 à Paris rue Malebranche numero 15,

404.0 522.0 1534.0 118.0 Institue pour mes legataires univer-

421.0 608.0 1488.0 120.0 selles de tous les biens meubles et

415.0 710.0 1529.0 118.0 immeubles qui composerait ma suc-

413.0 809.0 1496.0 99.0 cession sans aucune exception ni

413.0 889.0 1531.0 124.0 reserve, Mesdemoiselles Marguerite et Marcelle

418.0 972.0 778.0 121.0 mes deux filles.

514.0 1069.0 1449.0 120.0 Pour en jouir en toute propriété

359.0 1168.0 1561.0 91.0 à compter du jour de mon decés.

517.0 1254.0 1432.0 107.0 Dans le cas ou mon décés survien-

345.0 1342.0 1591.0 113.0 drait avant leur majorité, je prie

396.0 1428.0 1575.0 115.0 Mademoiselle Colas Marguerite dessinateur

402.0 1522.0 1531.0 118.0 demeurant à Paris rue Saint Jacques

396.0 1613.0 1556.0 107.0 numero 244, d’en accepter la tutelle

402.0 1707.0 1553.0 110.0 dative ne voulant pas que cette tutelle

396.0 1803.0 1510.0 97.0 soit confiée à aucun membre de ma

410.0 1884.0 1531.0 115.0 famille ni de celle de leur defunte mère.

608.0 1975.0 1237.0 112.0 En consequence Mademoiselle

362.0 2066.0 1603.0 112.0 Colas sera tutrice dative de mes deux

402.0 2154.0 1582.0 113.0 filles et se chargera de les élever en

388 2245 1593 116 leur donnant l’instruction et l’éducation

391.0 2336.0 579.0 124.0 qu’il y aura.

541.0 2428.0 1344.0 123.0 Je désire que ma maison de

354.0 2527.0 1617.0 112.0 commerce (maison de transports pour

402.0 2613.0 1563.0 101.0 librairie) ne soit pas vendue avant

404.0 2704.0 1559.0 123.0 un delai d’au moins cinq ans après

410.0 2803.0 619.0 166.0 mon décés.
