<?xml version="1.0" encoding="UTF-8"?>
<alto xmlns:xsi="http://www.w3.org/2001/XMLSchema-instance"
      xmlns="http://www.loc.gov/standards/alto/ns-v4#"
      xsi:schemaLocation="http://www.loc.gov/standards/alto/ns-v4# http://www.loc.gov/standards/alto/v4/alto-4-2.xsd">
  <Description>
    <MeasurementUnit>pixel</MeasurementUnit>
    <sourceImageInformation>
      <fileName>TestamentsDePoilus_will_AN_0201-0.jpg</fileName>
      
    </sourceImageInformation>
  </Description>
  
  <Tags>
    <OtherTag ID="BT4550" LABEL="StampZone" DESCRIPTION="block type StampZone"/><OtherTag ID="BT4220" LABEL="CustomZone" DESCRIPTION="block type CustomZone"/><OtherTag ID="BT4219" LABEL="HeadingLine:title" DESCRIPTION="block type HeadingLine:title"/><OtherTag ID="BT4218" LABEL="TitlePageZone" DESCRIPTION="block type TitlePageZone"/><OtherTag ID="BT4217" LABEL="MarginTextZone" DESCRIPTION="block type MarginTextZone"/><OtherTag ID="BT4216" LABEL="NumberingZone" DESCRIPTION="block type NumberingZone"/><OtherTag ID="BT4215" LABEL="MainZone" DESCRIPTION="block type MainZone"/>
    <OtherTag ID="LT1385" LABEL="HeadingLine:rubric" DESCRIPTION="line type HeadingLine:rubric"/><OtherTag ID="LT1384" LABEL="HeadingLine:title" DESCRIPTION="line type HeadingLine:title"/><OtherTag ID="LT1383" LABEL="HeadingLine" DESCRIPTION="line type HeadingLine"/><OtherTag ID="LT1382" LABEL="DropCapitalLine" DESCRIPTION="line type DropCapitalLine"/><OtherTag ID="LT1381" LABEL="DefaultLine" DESCRIPTION="line type DefaultLine"/>
  </Tags>
  
  <Layout>
    <Page WIDTH="2708"
          HEIGHT="3416"
          PHYSICAL_IMG_NR="42"
          ID="eSc_dummypage_">
      <PrintSpace HPOS="0"
                  VPOS="0"
                  WIDTH="2708"
                  HEIGHT="3416">
        
        <TextBlock HPOS="136"
                   VPOS="1115"
                   WIDTH="2469"
                   HEIGHT="2195"
                   ID="block_8"
                   TAGREFS="BT4215">
          <Shape><Polygon POINTS="498 3265 444 3299 429 3253 205 3253 136 3085 261 2946 193 2741 227 1833 170 1468 216 1400 521 1343 523 1206 660 1150 2186 1115 2525 1172 2582 1218 2605 3048 2537 3094 2061 3094 1887 3219 1739 3265 523 3310"/></Shape>
          
          
          <TextLine ID="line_10"
                    
                    BASELINE="660 1232 1771 1229 2178 1215" 
                    HPOS="657"
                    VPOS="1124"
                    WIDTH="1521"
                    HEIGHT="151">
            <Shape><Polygon POINTS="660 1232 657 1135 720 1150 734 1135 737 1135 737 1132 737 1132 740 1132 740 1132 740 1132 743 1132 743 1132 743 1132 746 1132 746 1132 777 1135 851 1147 865 1138 868 1132 868 1132 871 1132 871 1132 871 1132 874 1132 874 1132 874 1132 877 1132 877 1132 877 1132 902 1138 962 1152 1005 1138 1008 1138 1010 1138 1010 1138 1010 1138 1013 1138 1013 1138 1016 1138 1016 1138 1016 1138 1019 1138 1019 1138 1019 1138 1019 1141 1042 1164 1096 1164 1193 1141 1252 1130 1252 1130 1252 1130 1255 1130 1255 1130 1258 1130 1258 1130 1258 1130 1261 1130 1281 1144 1284 1144 1312 1144 1503 1130 1506 1130 1506 1130 1506 1130 1586 1147 1625 1155 1640 1147 1665 1130 1668 1130 1668 1130 1668 1130 1671 1130 1671 1130 1674 1130 1674 1130 1674 1130 1677 1130 1677 1130 1719 1150 1736 1158 1984 1158 1996 1152 2061 1124 2061 1124 2064 1124 2064 1124 2064 1124 2067 1124 2067 1124 2070 1124 2175 1155 2178 1215 2178 1246 2101 1269 2098 1269 2098 1269 2098 1269 2095 1269 2095 1269 2001 1255 1825 1272 1825 1272 1822 1272 1822 1272 1819 1272 1819 1272 1819 1272 1816 1272 1782 1249 1779 1249 1774 1249 1725 1266 1722 1266 1722 1266 1722 1266 1719 1266 1719 1266 1717 1266 1717 1266 1677 1252 1662 1246 1657 1252 1640 1266 1640 1266 1637 1266 1637 1266 1637 1266 1634 1266 1634 1266 1546 1275 1546 1275 1543 1275 1543 1275 1540 1275 1540 1275 1483 1252 1472 1249 1059 1249 1053 1255 1036 1269 1036 1272 1036 1272 1033 1272 1033 1272 1030 1272 1030 1272 1030 1272 1027 1272 1027 1272 1027 1272 1025 1272 1025 1272 1022 1272 1022 1272 1002 1258 993 1252 916 1252 905 1258 871 1275 871 1275 871 1275 868 1275 868 1275 868 1275 865 1275 657 1258"/></Shape>
	    <String CONTENT="PARIS, le deux aout mil neuf cent quatorze"
                    HPOS="657"
                    VPOS="1124"
                    WIDTH="1521"
                    HEIGHT="151"></String>
          </TextLine>

          
          
          <TextLine ID="line_11"
                    
                    BASELINE="580 1329 1825 1335" 
                    HPOS="572"
                    VPOS="1243"
                    WIDTH="1253"
                    HEIGHT="129">
            <Shape><Polygon POINTS="580 1329 572 1272 600 1246 600 1243 600 1243 603 1243 603 1243 603 1243 606 1243 606 1243 609 1243 609 1243 609 1243 612 1243 689 1266 763 1243 765 1243 765 1243 765 1243 768 1243 768 1243 771 1243 771 1243 771 1243 774 1243 811 1266 871 1252 874 1252 874 1252 877 1252 877 1252 877 1252 879 1252 879 1252 879 1252 882 1252 882 1252 882 1255 896 1266 916 1255 919 1255 919 1255 922 1255 922 1255 922 1255 925 1255 925 1255 925 1255 928 1255 928 1255 928 1255 962 1272 968 1278 1079 1278 1082 1275 1110 1246 1110 1243 1110 1243 1113 1243 1113 1243 1113 1243 1116 1243 1116 1243 1119 1243 1178 1243 1178 1243 1178 1243 1181 1243 1181 1243 1181 1243 1184 1243 1184 1243 1184 1246 1210 1272 1238 1275 1264 1281 1295 1281 1298 1275 1329 1249 1329 1246 1329 1246 1332 1246 1332 1246 1332 1246 1335 1246 1335 1246 1338 1246 1389 1246 1389 1246 1389 1246 1392 1246 1392 1246 1392 1246 1443 1275 1463 1258 1463 1258 1466 1258 1466 1258 1466 1258 1469 1258 1469 1258 1472 1258 1472 1258 1472 1258 1571 1278 1577 1278 1577 1278 1623 1246 1625 1246 1625 1246 1625 1246 1628 1246 1628 1246 1628 1246 1631 1246 1631 1246 1634 1246 1634 1246 1722 1278 1722 1281 1822 1281 1825 1335 1822 1346 1583 1346 1574 1349 1531 1366 1531 1366 1529 1366 1529 1366 1529 1366 1526 1366 1526 1366 1449 1355 1435 1366 1435 1369 1435 1369 1432 1369 1432 1369 1432 1369 1429 1369 1429 1369 1429 1372 1389 1372 1386 1369 1386 1369 1383 1369 1383 1369 1383 1369 1381 1369 1381 1369 1381 1366 1363 1352 1358 1346 1284 1352 1147 1366 1147 1366 1144 1366 1144 1366 1141 1366 1141 1366 1141 1366 1119 1355 1090 1343 968 1357 959 1357 959 1357 956 1357 936 1357 617 1349 580 1363"/></Shape>
	    <String CONTENT="Je soussigné Georges Turpault."
                    HPOS="572"
                    VPOS="1243"
                    WIDTH="1253"
                    HEIGHT="129"></String>
          </TextLine>

          
          
          <TextLine ID="line_13"
                    
                    BASELINE="529 1431 2446 1429 2574 1440" 
                    HPOS="521"
                    VPOS="1340"
                    WIDTH="2053"
                    HEIGHT="108">
            <Shape><Polygon POINTS="529 1431 521 1383 597 1340 597 1340 597 1340 600 1340 600 1340 603 1340 649 1340 649 1340 649 1340 652 1340 652 1340 652 1340 654 1340 654 1340 694 1377 800 1340 800 1340 803 1340 803 1340 805 1340 908 1340 908 1340 908 1340 911 1340 911 1340 911 1340 914 1340 914 1340 953 1374 993 1340 993 1340 996 1340 996 1340 996 1340 999 1340 999 1340 1002 1340 1119 1340 1119 1340 1119 1340 1121 1340 1121 1340 1121 1340 1124 1340 1184 1380 1269 1380 1307 1349 1307 1349 1309 1349 1309 1349 1309 1349 1312 1349 1312 1349 1312 1349 1315 1349 1315 1349 1318 1349 1318 1349 1318 1349 1321 1349 1321 1349 1341 1366 1386 1352 1389 1352 1389 1352 1389 1352 1392 1352 1392 1352 1395 1352 1395 1352 1395 1352 1398 1352 1426 1372 1455 1357 1455 1357 1455 1357 1457 1357 1457 1357 1460 1357 1460 1357 1460 1357 1463 1357 1463 1357 1489 1369 1534 1340 1537 1340 1537 1340 1537 1340 1540 1340 1540 1340 1543 1340 1606 1340 1606 1340 1606 1340 1608 1340 1608 1340 1608 1340 1611 1340 1611 1340 1640 1366 1680 1340 1682 1340 1682 1340 1685 1340 1685 1340 1688 1340 1813 1340 1813 1340 1813 1340 1816 1340 1816 1340 1816 1340 1819 1340 1819 1340 1867 1377 1953 1363 1953 1363 1956 1363 1956 1363 1956 1363 1959 1363 1959 1363 1998 1380 2571 1380 2574 1440 2571 1443 529 1448"/></Shape>
	    <String CONTENT="Ceci est mon testament écrit entierement de ma main"
                    HPOS="521"
                    VPOS="1340"
                    WIDTH="2053"
                    HEIGHT="108"></String>
          </TextLine>

          
          
          <TextLine ID="line_14"
                    
                    BASELINE="185 1528 2511 1522" 
                    HPOS="176"
                    VPOS="1443"
                    WIDTH="2335"
                    HEIGHT="119">
            <Shape><Polygon POINTS="185 1528 176 1471 222 1446 222 1446 222 1446 224 1446 224 1446 224 1446 227 1446 227 1446 227 1446 336 1468 395 1451 398 1451 398 1451 398 1451 401 1451 401 1451 404 1451 404 1451 404 1451 407 1451 435 1471 441 1474 461 1471 529 1457 529 1457 529 1457 532 1457 532 1457 615 1468 637 1451 640 1451 640 1451 640 1451 643 1451 643 1451 643 1451 646 1451 646 1451 649 1451 649 1451 689 1466 714 1446 714 1446 717 1446 717 1446 720 1446 720 1446 723 1446 871 1446 871 1446 871 1446 874 1446 874 1446 922 1463 1016 1446 1016 1446 1016 1446 1019 1446 1019 1446 1022 1446 1022 1446 1022 1446 1070 1468 1084 1477 1252 1477 1264 1468 1295 1446 1298 1446 1298 1446 1298 1446 1301 1446 1301 1446 1304 1446 1304 1446 1304 1446 1418 1468 1443 1474 1731 1474 1739 1466 1768 1443 1768 1443 1771 1443 1771 1443 1771 1443 1774 1443 1774 1443 1776 1443 1776 1443 1776 1443 1779 1443 1848 1466 1848 1466 1848 1466 1939 1443 1942 1443 1942 1443 1944 1443 1944 1443 1944 1443 1947 1443 1947 1443 2004 1466 2021 1474 2107 1474 2118 1466 2147 1443 2147 1443 2149 1443 2149 1443 2152 1443 2152 1443 2155 1443 2226 1443 2226 1443 2226 1443 2229 1443 2229 1443 2232 1443 2232 1443 2260 1466 2272 1474 2403 1474 2417 1466 2443 1451 2443 1451 2443 1451 2446 1451 2446 1451 2448 1451 2448 1451 2448 1451 2505 1466 2511 1522 2508 1545 2195 1557 2192 1557 2192 1557 2192 1557 2152 1548 2104 1540 2001 1551 1936 1557 1936 1557 1933 1557 1853 1551 1731 1542 1640 1554 1603 1557 1603 1557 1600 1557 1543 1554 1381 1542 1355 1554 1349 1557 1349 1557 1349 1557 1346 1557 1346 1557 1346 1557 1344 1557 1312 1557 1190 1545 1050 1557 1010 1559 1010 1559 1008 1559 1008 1559 1005 1559 996 1557 948 1545 765 1559 746 1559 743 1559 743 1559 743 1559 740 1559 740 1559 737 1559 700 1545 629 1557 629 1557 629 1557 626 1557 404 1542 361 1559 361 1559 358 1559 358 1559 358 1559 355 1559 355 1559 261 1542 187 1562"/></Shape>
	    <String CONTENT="par consequent daté et signé de ma main, declare laisser a"
                    HPOS="176"
                    VPOS="1443"
                    WIDTH="2335"
                    HEIGHT="119"></String>
          </TextLine>

          
          
          <TextLine ID="line_15"
                    
                    BASELINE="236 1622 2477 1627" 
                    HPOS="230"
                    VPOS="1542"
                    WIDTH="2244"
                    HEIGHT="117">
            <Shape><Polygon POINTS="233 1619 230 1636 395 1653 398 1653 484 1639 498 1639 512 1639 606 1653 609 1653 979 1645 1210 1639 1235 1648 1258 1653 1261 1653 1264 1653 1591 1651 2195 1642 2218 1656 2221 1656 2223 1656 2226 1659 2471 1659 2474 1625 2471 1548 2164 1545 2161 1545 2158 1545 2155 1545 2149 1551 2115 1574 2064 1551 2053 1545 2050 1545 1979 1545 1976 1545 1973 1545 1970 1545 1964 1551 1944 1565 1867 1551 1819 1545 1816 1545 1813 1545 1796 1554 1756 1577 1512 1577 1477 1557 1455 1545 1452 1545 1449 1545 1446 1545 1443 1545 1429 1557 1398 1574 1218 1559 1187 1557 1184 1557 1161 1559 1079 1571 1053 1559 1016 1542 1013 1542 953 1542 951 1542 948 1542 945 1542 922 1562 905 1571 837 1562 728 1548 726 1548 723 1548 666 1562 634 1571 572 1565 458 1551 455 1551 381 1565 355 1571 347 1565 298 1542 296 1542 293 1542 290 1542 233 1565 233 1619"/></Shape>
	    <String CONTENT="ma femme chérie le maximum de ce que la loi me permet"
                    HPOS="230"
                    VPOS="1542"
                    WIDTH="2244"
                    HEIGHT="117"></String>
          </TextLine>

          
          
          <TextLine ID="line_16"
                    
                    BASELINE="222 1719 1492 1719" 
                    HPOS="216"
                    VPOS="1639"
                    WIDTH="1276"
                    HEIGHT="111">
            <Shape><Polygon POINTS="222 1719 216 1662 256 1639 256 1639 256 1639 259 1639 259 1639 261 1639 313 1639 313 1639 313 1639 316 1639 316 1639 316 1639 318 1639 318 1639 318 1642 341 1662 344 1668 353 1662 395 1639 395 1639 395 1639 398 1639 398 1639 398 1639 401 1639 401 1639 404 1639 404 1639 404 1639 407 1639 407 1639 432 1662 438 1668 447 1662 489 1639 489 1639 489 1639 492 1639 492 1639 495 1639 615 1639 615 1639 615 1639 617 1639 686 1659 711 1668 754 1659 828 1648 828 1648 831 1648 831 1648 831 1648 885 1659 919 1668 931 1659 948 1645 948 1642 948 1642 951 1642 951 1642 951 1642 953 1642 953 1642 956 1642 956 1642 956 1642 959 1642 959 1642 1002 1659 1022 1668 1036 1659 1070 1639 1073 1639 1073 1639 1076 1639 1076 1639 1076 1639 1079 1639 1079 1639 1170 1656 1258 1639 1258 1639 1258 1639 1261 1639 1261 1639 1264 1639 1264 1639 1264 1639 1267 1639 1295 1659 1312 1668 1489 1659 1492 1719 1492 1745 222 1750"/></Shape>
	    <String CONTENT="sur tout ce que je possede -"
                    HPOS="216"
                    VPOS="1639"
                    WIDTH="1276"
                    HEIGHT="111"></String>
          </TextLine>

          
          
          <TextLine ID="line_19"
                    
                    BASELINE="247 1823 1859 1804 2465 1816" 
                    HPOS="242"
                    VPOS="1725"
                    WIDTH="2221"
                    HEIGHT="122">
            <Shape><Polygon POINTS="244 1821 244 1847 330 1830 560 1844 575 1844 578 1844 580 1844 629 1827 828 1827 851 1841 854 1841 857 1841 859 1844 859 1841 862 1841 865 1841 888 1827 1101 1838 1127 1838 1130 1838 1133 1838 1136 1838 1181 1824 1204 1838 1207 1838 1210 1838 1213 1838 1215 1838 1221 1836 1250 1824 1475 1833 1531 1836 1534 1836 1537 1836 1549 1833 1606 1819 1805 1830 1862 1833 1865 1833 2460 1821 2463 1813 2460 1747 2218 1733 2215 1733 2212 1733 2209 1733 2192 1747 2189 1750 1907 1750 1904 1750 1882 1733 1879 1733 1876 1733 1873 1733 1870 1733 1867 1733 1848 1750 1845 1750 1779 1736 1776 1736 1774 1736 1714 1750 1711 1750 1506 1725 1503 1725 1500 1725 1443 1753 1440 1756 1275 1756 1275 1753 1213 1727 1210 1727 951 1727 948 1727 945 1727 896 1753 851 1730 848 1730 728 1730 726 1730 723 1730 720 1730 677 1759 669 1759 509 1733 506 1733 504 1733 501 1733 466 1759 466 1762 464 1759 401 1733 398 1733 293 1733 290 1733 287 1733 242 1756 244 1821"/></Shape>
	    <String CONTENT="1o deux obligations foncières deposees a mon nom a la"
                    HPOS="242"
                    VPOS="1725"
                    WIDTH="2221"
                    HEIGHT="122"></String>
          </TextLine>

          
          
          <TextLine ID="line_20"
                    
                    BASELINE="247 1915 922 1907" 
                    HPOS="239"
                    VPOS="1810"
                    WIDTH="683"
                    HEIGHT="128">
            <Shape><Polygon POINTS="247 1915 239 1853 318 1813 318 1813 318 1813 321 1813 321 1813 324 1813 324 1813 327 1813 427 1838 492 1810 492 1810 495 1810 495 1810 495 1810 498 1810 498 1810 498 1810 501 1810 501 1810 578 1844 617 1810 617 1810 620 1810 620 1810 620 1810 623 1810 623 1810 626 1810 669 1810 669 1810 669 1810 672 1810 672 1810 672 1810 674 1810 674 1810 674 1813 709 1844 737 1844 831 1844 834 1841 868 1810 868 1810 871 1810 871 1810 871 1810 874 1810 874 1810 874 1810 877 1810 877 1810 877 1810 879 1810 879 1810 882 1810 882 1810 922 1838 922 1907 922 1924 247 1938"/></Shape>
	    <String CONTENT="Societé Generale"
                    HPOS="239"
                    VPOS="1810"
                    WIDTH="683"
                    HEIGHT="128"></String>
          </TextLine>

          
          
          <TextLine ID="line_23"
                    
                    BASELINE="255 2031 1537 2009 2124 1995 2588 2004" 
                    HPOS="250"
                    VPOS="1890"
                    WIDTH="2335"
                    HEIGHT="159">
            <Shape><Polygon POINTS="253 2029 253 2049 449 2035 609 2046 612 2046 615 2046 617 2046 617 2043 632 2029 2582 2015 2585 2001 2582 1898 2565 1890 2562 1890 2559 1890 2557 1890 2554 1890 2522 1904 2471 1935 2380 1935 2337 1907 2329 1901 2326 1901 2323 1901 2218 1895 2215 1895 2212 1895 2209 1895 2189 1910 2175 1921 2164 1910 2155 1904 2152 1904 2149 1904 2147 1904 2144 1904 2141 1904 2132 1912 2110 1930 1930 1944 1648 1944 1583 1918 1577 1918 1574 1918 1571 1918 1568 1918 1566 1918 1566 1921 1531 1949 1344 1949 1304 1924 1284 1910 1281 1910 1278 1910 1275 1910 1147 1924 1039 1912 1036 1912 1033 1912 1002 1930 982 1938 965 1930 936 1915 933 1915 817 1915 814 1915 811 1915 808 1915 788 1932 760 1952 723 1932 694 1918 691 1918 629 1918 626 1918 623 1918 580 1935 515 1964 441 1964 398 1938 381 1924 378 1924 375 1924 373 1924 250 1938 253 2029"/></Shape>
	    <String CONTENT="2o Une obligation fonciere deposee au Credit Foncier de"
                    HPOS="250"
                    VPOS="1890"
                    WIDTH="2335"
                    HEIGHT="159"></String>
          </TextLine>

          
          
          <TextLine ID="line_24"
                    
                    BASELINE="521 2100 891 2106" 
                    HPOS="518"
                    VPOS="2001"
                    WIDTH="373"
                    HEIGHT="134">
            <Shape><Polygon POINTS="521 2100 521 2001 623 2004 623 2004 623 2004 626 2004 626 2004 640 2009 737 2060 840 2060 882 2032 891 2106 888 2112 518 2135"/></Shape>
	    <String CONTENT="France"
                    HPOS="518"
                    VPOS="2001"
                    WIDTH="373"
                    HEIGHT="134"></String>
          </TextLine>

          
          
          <TextLine ID="line_25"
                    
                    BASELINE="266 2213 2406 2189" 
                    HPOS="261"
                    VPOS="2103"
                    WIDTH="2142"
                    HEIGHT="140">
            <Shape><Polygon POINTS="264 2211 264 2220 395 2220 429 2243 432 2243 435 2243 438 2243 441 2243 501 2217 509 2217 672 2228 674 2228 1016 2211 1062 2211 1067 2211 1104 2237 1107 2237 1110 2237 1113 2237 1272 2211 1289 2209 1292 2211 1335 2240 1338 2240 1341 2240 1344 2243 1435 2243 1435 2240 1438 2240 1440 2240 1475 2211 1625 2211 1680 2237 1682 2237 1685 2237 2112 2231 2115 2231 2209 2203 2215 2203 2403 2203 2403 2186 2397 2137 2147 2123 2110 2103 2107 2103 2104 2103 2101 2103 2098 2103 2047 2135 2038 2140 1808 2140 1771 2132 1674 2106 1671 2106 1668 2106 1665 2106 1662 2106 1625 2132 1611 2140 1580 2132 1574 2129 1571 2129 1568 2129 1557 2132 1497 2143 1463 2129 1438 2120 1435 2120 1432 2120 1346 2126 1344 2126 1341 2126 1338 2129 1312 2146 1178 2129 1176 2129 1173 2129 1170 2129 1124 2149 1047 2132 1045 2132 1042 2132 1013 2146 968 2126 936 2115 933 2115 931 2115 928 2115 905 2126 865 2146 783 2126 740 2115 737 2115 734 2115 731 2115 709 2126 669 2143 640 2123 632 2117 629 2117 626 2117 563 2117 560 2117 558 2117 555 2117 546 2123 492 2160 435 2160 390 2123 387 2120 384 2120 381 2120 378 2120 261 2120 264 2211"/></Shape>
	    <String CONTENT="3o Une somme d’environ onze cents francs deposee à"
                    HPOS="261"
                    VPOS="2103"
                    WIDTH="2142"
                    HEIGHT="140"></String>
          </TextLine>

          
          
          <TextLine ID="line_26"
                    
                    BASELINE="333 2300 1645 2294" 
                    HPOS="324"
                    VPOS="2200"
                    WIDTH="1321"
                    HEIGHT="142">
            <Shape><Polygon POINTS="333 2300 324 2214 364 2203 367 2203 367 2203 370 2203 370 2203 370 2203 373 2203 373 2203 373 2203 375 2203 390 2214 410 2226 429 2214 449 2203 449 2203 449 2203 452 2203 452 2203 455 2203 578 2203 578 2203 578 2203 580 2203 580 2203 580 2203 583 2203 583 2203 583 2206 595 2214 617 2234 700 2220 700 2220 700 2220 703 2220 703 2220 706 2220 706 2220 743 2234 763 2214 774 2206 774 2203 774 2203 777 2203 777 2203 780 2203 780 2203 780 2203 783 2203 783 2203 785 2203 831 2214 845 2217 868 2214 953 2203 953 2203 956 2203 956 2203 956 2203 959 2203 959 2203 962 2203 962 2203 962 2206 973 2214 990 2231 1016 2214 1045 2200 1045 2200 1045 2200 1047 2200 1047 2200 1047 2200 1050 2200 1050 2200 1053 2200 1053 2200 1053 2200 1084 2214 1116 2231 1139 2214 1150 2206 1153 2206 1153 2206 1153 2206 1156 2206 1156 2206 1156 2206 1158 2206 1158 2206 1161 2206 1161 2206 1161 2206 1181 2217 1210 2231 1224 2217 1238 2203 1238 2200 1238 2200 1241 2200 1241 2200 1241 2200 1244 2200 1244 2200 1247 2200 1309 2200 1309 2200 1309 2200 1312 2200 1312 2200 1312 2200 1344 2217 1375 2234 1603 2234 1634 2217 1645 2294 1640 2314 1420 2311 1383 2320 1329 2337 1326 2337 1326 2337 1324 2337 1324 2337 1324 2337 1321 2337 1321 2337 1318 2337 1318 2337 1318 2334 1304 2322 1292 2314 1250 2322 1190 2337 1190 2337 1190 2337 1187 2337 1187 2337 1184 2337 1184 2337 1184 2337 1181 2337 1181 2337 1181 2334 1170 2325 1156 2311 586 2311 558 2337 558 2339 558 2339 558 2339 555 2339 555 2339 555 2339 552 2339 552 2339 552 2342 495 2342 492 2339 492 2339 489 2339 489 2339 489 2339 486 2339 486 2339 449 2311 336 2342"/></Shape>
	    <String CONTENT="la Caisse Nationale d’Epargne ="
                    HPOS="324"
                    VPOS="2200"
                    WIDTH="1321"
                    HEIGHT="142"></String>
          </TextLine>

          
          
          <TextLine ID="line_27"
                    
                    BASELINE="290 2399 2557 2394" 
                    HPOS="284"
                    VPOS="2308"
                    WIDTH="2273"
                    HEIGHT="128">
            <Shape><Polygon POINTS="290 2399 284 2348 370 2345 412 2311 412 2311 415 2311 415 2311 415 2311 418 2311 418 2311 421 2311 421 2311 421 2311 424 2311 424 2311 498 2342 706 2334 751 2311 751 2311 751 2311 754 2311 754 2311 757 2311 757 2311 902 2325 973 2311 973 2311 973 2311 976 2311 976 2311 979 2311 979 2311 979 2311 1030 2337 1042 2342 1101 2337 1181 2328 1181 2328 1184 2328 1184 2328 1187 2328 1187 2328 1187 2328 1190 2328 1201 2337 1213 2342 1244 2334 1272 2328 1275 2328 1275 2328 1278 2328 1278 2328 1321 2334 1378 2342 1392 2334 1429 2308 1432 2308 1432 2308 1432 2308 1435 2308 1435 2308 1438 2308 1438 2308 1438 2308 1514 2322 1594 2308 1594 2308 1594 2308 1597 2308 1597 2308 1600 2308 1600 2308 1600 2308 1603 2308 1634 2331 1648 2339 1697 2328 1742 2320 1742 2320 1742 2320 1745 2320 1745 2320 1745 2320 1748 2320 1748 2320 1751 2320 1765 2328 1779 2337 1808 2328 1836 2320 1839 2320 1839 2320 1839 2320 1842 2320 1842 2320 1893 2325 1976 2339 2030 2325 2058 2317 2061 2317 2061 2317 2061 2317 2064 2317 2064 2317 2067 2317 2095 2325 2138 2337 2161 2322 2184 2308 2186 2308 2186 2308 2186 2308 2189 2308 2189 2308 2192 2308 2352 2308 2352 2308 2352 2308 2354 2308 2400 2320 2448 2334 2474 2320 2491 2308 2494 2308 2494 2308 2497 2308 2497 2308 2497 2308 2500 2308 2500 2308 2500 2308 2551 2320 2557 2394 2554 2411 2306 2411 2297 2411 2212 2431 2212 2431 2212 2431 2209 2431 2209 2431 2209 2431 2206 2431 2206 2431 2206 2431 2172 2413 2164 2408 2141 2413 2075 2428 2075 2428 2075 2428 2073 2428 2073 2428 2073 2428 2070 2428 2070 2428 2035 2413 2027 2411 1961 2413 1842 2422 1839 2422 1839 2422 1756 2416 1614 2405 1523 2419 1420 2433 1420 2433 1418 2433 1418 2433 1332 2419 1272 2411 1141 2422 996 2433 993 2433 993 2433 993 2433 990 2433 990 2433 968 2422 939 2411 834 2425 757 2433 757 2433 754 2433 754 2433 751 2433 751 2433 751 2433 748 2433 748 2433 740 2425 717 2411 637 2411 612 2425 603 2433 600 2433 600 2433 600 2433 597 2433 597 2433 597 2436 529 2436 526 2433 526 2433 523 2433 523 2433 523 2433 509 2428 469 2408 427 2428 421 2431 421 2431 421 2431 418 2431 418 2431 415 2431 415 2431 415 2431 412 2431 412 2431 412 2431 407 2428 375 2411 290 2428"/></Shape>
	    <String CONTENT="Les deux obligations foncières deposees à la Sociéte Generale"
                    HPOS="284"
                    VPOS="2308"
                    WIDTH="2273"
                    HEIGHT="128"></String>
          </TextLine>

          
          
          <TextLine ID="line_28"
                    
                    BASELINE="219 2496 2557 2496" 
                    HPOS="216"
                    VPOS="2405"
                    WIDTH="2341"
                    HEIGHT="119">
            <Shape><Polygon POINTS="219 2496 216 2411 296 2405 298 2405 298 2405 298 2405 301 2405 301 2405 301 2405 313 2411 338 2425 364 2411 373 2408 373 2408 373 2408 375 2408 375 2408 375 2408 378 2408 378 2408 381 2408 381 2408 381 2408 390 2411 435 2436 481 2413 495 2405 495 2405 495 2405 498 2405 498 2405 501 2405 501 2405 501 2405 504 2405 529 2413 603 2436 643 2413 663 2405 663 2405 663 2405 666 2405 666 2405 669 2405 669 2405 669 2405 672 2405 672 2405 672 2405 674 2405 686 2416 720 2439 814 2439 865 2416 896 2405 896 2405 899 2405 899 2405 902 2405 902 2405 902 2405 905 2405 905 2405 905 2405 931 2419 968 2439 1062 2439 1093 2422 1093 2422 1093 2422 1096 2422 1096 2422 1099 2422 1099 2422 1099 2422 1161 2433 1178 2422 1198 2405 1198 2405 1201 2405 1201 2405 1204 2405 1204 2405 1204 2405 1207 2405 1207 2405 1210 2405 1269 2422 1289 2428 1298 2422 1324 2405 1326 2405 1326 2405 1326 2405 1329 2405 1329 2405 1329 2405 1332 2405 1332 2405 1335 2405 1335 2405 1335 2405 1372 2422 1400 2436 1494 2425 1651 2405 1651 2405 1654 2405 1654 2405 1654 2405 1657 2405 1725 2428 1754 2436 1779 2428 1853 2405 1856 2405 1856 2405 1856 2405 1859 2405 1859 2405 1862 2405 1862 2405 1862 2405 1865 2405 1893 2425 1950 2411 1953 2411 1953 2411 1956 2411 1956 2411 1956 2411 1959 2411 2024 2431 2044 2439 2172 2439 2178 2433 2206 2411 2206 2411 2209 2411 2209 2411 2209 2411 2212 2411 2212 2411 2215 2411 2215 2411 2215 2411 2218 2411 2218 2411 2218 2411 2221 2411 2238 2425 2263 2405 2263 2405 2266 2405 2266 2405 2269 2405 2269 2405 2272 2405 2434 2405 2434 2405 2434 2405 2437 2405 2437 2405 2437 2405 2440 2405 2485 2436 2557 2439 2557 2496 2551 2524 2508 2510 2386 2524 2380 2524 2380 2524 2377 2524 2377 2524 2377 2524 2374 2524 2374 2524 2374 2524 2374 2524 2371 2524 2352 2507 2332 2524 2332 2524 2329 2524 2329 2524 2329 2524 2326 2524 2326 2524 2326 2524 2323 2524 2323 2524 2320 2524 2201 2507 1848 2524 1839 2524 1836 2524 1836 2524 1833 2524 1833 2524 1833 2524 1785 2507 1543 2507 1477 2524 1477 2524 1475 2524 1475 2524 1472 2524 1472 2524 1472 2524 1469 2524 1469 2524 1415 2507 1250 2507 1195 2524 1195 2524 1193 2524 1193 2524 1193 2524 1190 2524 1190 2524 1187 2524 1053 2507 680 2507 486 2524 486 2524 486 2524 484 2524 484 2524 484 2524 355 2507 219 2524"/></Shape>
	    <String CONTENT="sont alourdies d’un pret de sept cent cinquante francs"
                    HPOS="216"
                    VPOS="2405"
                    WIDTH="2341"
                    HEIGHT="119"></String>
          </TextLine>

          
          
          <TextLine ID="line_29"
                    
                    BASELINE="242 2593 2386 2587 2585 2607" 
                    HPOS="236"
                    VPOS="2499"
                    WIDTH="2349"
                    HEIGHT="122">
            <Shape><Polygon POINTS="242 2593 236 2539 447 2516 449 2516 449 2516 600 2533 643 2502 643 2502 646 2502 646 2502 646 2502 649 2502 649 2502 652 2502 711 2502 711 2502 711 2502 714 2502 714 2502 714 2502 717 2502 768 2536 800 2536 845 2502 848 2502 848 2502 848 2502 851 2502 851 2502 854 2502 956 2502 956 2502 956 2502 959 2502 959 2502 959 2502 962 2502 993 2524 1045 2502 1045 2502 1047 2502 1047 2502 1047 2502 1050 2502 1050 2502 1050 2502 1053 2502 1147 2536 1315 2536 1358 2502 1358 2502 1361 2502 1361 2502 1361 2502 1363 2502 1363 2502 1366 2502 1517 2502 1517 2502 1517 2502 1520 2502 1520 2502 1523 2502 1523 2502 1563 2533 1674 2533 1697 2533 1699 2533 1751 2502 1754 2502 1754 2502 1756 2502 1756 2502 1756 2502 1882 2499 1885 2499 1885 2499 2047 2530 2212 2510 2212 2510 2215 2510 2215 2510 2218 2510 2218 2510 2218 2510 2252 2527 2323 2499 2323 2499 2326 2499 2326 2499 2329 2499 2329 2499 2582 2533 2585 2607 2579 2616 2090 2601 2018 2616 2018 2616 2018 2616 2016 2616 2016 2616 2013 2616 1939 2599 1466 2616 1463 2616 1463 2616 1463 2616 1383 2601 976 2601 751 2618 748 2618 748 2618 748 2618 746 2618 746 2618 746 2618 706 2599 367 2599 242 2621"/></Shape>
	    <String CONTENT="que mon beau frère Monsieur Badaire doit me rembourser."
                    HPOS="236"
                    VPOS="2499"
                    WIDTH="2349"
                    HEIGHT="122"></String>
          </TextLine>

          
          
          <TextLine ID="line_30"
                    
                    BASELINE="210 2675 2426 2681" 
                    HPOS="207"
                    VPOS="2590"
                    WIDTH="2219"
                    HEIGHT="120">
            <Shape><Polygon POINTS="210 2675 207 2618 461 2590 461 2590 464 2590 464 2590 466 2590 466 2590 466 2590 515 2613 532 2624 609 2624 626 2613 660 2590 663 2590 663 2590 663 2590 666 2590 666 2590 669 2590 717 2590 717 2590 717 2590 720 2590 720 2590 720 2590 723 2590 754 2613 771 2624 871 2624 888 2610 911 2590 911 2590 914 2590 914 2590 914 2590 916 2590 916 2590 919 2590 1150 2590 1150 2590 1150 2590 1153 2590 1153 2590 1195 2607 1235 2621 1358 2610 1358 2610 1361 2610 1551 2624 1614 2607 1617 2607 1617 2607 1620 2607 1620 2607 1762 2624 1799 2601 1811 2593 1813 2593 1813 2593 1813 2593 1816 2593 1816 2593 1819 2593 1970 2593 1970 2593 1970 2593 1973 2593 1973 2593 1973 2593 1976 2593 1984 2599 2001 2610 2081 2599 2121 2593 2121 2593 2124 2593 2124 2593 2124 2593 2127 2593 2127 2593 2127 2593 2135 2599 2189 2627 2297 2627 2420 2596 2426 2681 2420 2710 2252 2695 1685 2695 1637 2707 1617 2710 1617 2710 1617 2710 1614 2710 1614 2710 1611 2710 1594 2707 1551 2695 210 2695"/></Shape>
	    <String CONTENT="Mademoiselle Juliette Germaine Fareu ma femme doitet ceci est"
                    HPOS="207"
                    VPOS="2590"
                    WIDTH="2219"
                    HEIGHT="120"></String>
          </TextLine>

          
          
          <TextLine ID="line_32"
                    
                    BASELINE="270 2781 2484 2780" 
                    HPOS="267"
                    VPOS="2690"
                    WIDTH="2216"
                    HEIGHT="108">
            <Shape><Polygon POINTS="1862 2721 1833 2721 1805 2721 1776 2724 1748 2724 1719 2724 1691 2727 1662 2727 1634 2727 1606 2727 1577 2729 1549 2729 1520 2729 1512 2718 1423 2718 1398 2704 1386 2698 1383 2698 1230 2690 1227 2690 1224 2690 1221 2690 1201 2701 1176 2718 1059 2718 1036 2701 1025 2690 1022 2690 1019 2690 1016 2690 956 2698 911 2707 859 2698 811 2690 808 2690 805 2690 783 2698 734 2715 669 2695 646 2690 643 2690 640 2690 637 2690 620 2695 566 2718 410 2718 358 2692 350 2690 347 2690 344 2690 341 2690 338 2690 336 2692 316 2704 270 2692 267 2778 267 2798 2483 2792 2483 2778 2483 2718 2352 2718 2349 2715 2295 2690 2292 2690 2289 2690 2286 2690 2283 2690 2263 2707 2241 2690 2238 2690 2235 2690 2073 2690 2070 2690 1885 2710 1867 2710 1862 2721"/></Shape>
	    <String CONTENT="ma volonte formelle rentrer dans l’integralite de ce"
                    HPOS="267"
                    VPOS="2690"
                    WIDTH="2216"
                    HEIGHT="108"></String>
          </TextLine>

          
          
          <TextLine ID="line_31"
                    
                    BASELINE="1500 2732 1890 2721" 
                    HPOS="1489"
                    VPOS="2675"
                    WIDTH="401"
                    HEIGHT="66">
            <Shape><Polygon POINTS="1500 2732 1489 2695 1506 2678 1506 2675 1506 2675 1509 2675 1509 2675 1509 2675 1512 2675 1512 2675 1514 2675 1885 2678 1890 2721 1887 2738 1500 2741"/></Shape>
	    <String CONTENT="ma femme"
                    HPOS="1489"
                    VPOS="2675"
                    WIDTH="401"
                    HEIGHT="66"></String>
          </TextLine>

          
          
          <TextLine ID="line_33"
                    
                    BASELINE="304 2872 911 2872" 
                    HPOS="304"
                    VPOS="2786"
                    WIDTH="607"
                    HEIGHT="137">
            <Shape><Polygon POINTS="304 2872 304 2786 486 2809 541 2809 558 2792 560 2789 560 2786 560 2786 563 2786 563 2786 563 2786 566 2786 566 2786 566 2786 569 2786 569 2786 572 2786 572 2786 586 2792 620 2803 694 2795 717 2792 717 2792 720 2792 720 2792 720 2792 723 2792 734 2795 765 2806 788 2798 808 2786 808 2786 808 2786 811 2786 811 2786 814 2786 814 2786 911 2801 911 2872 911 2895 768 2903 765 2903 765 2903 763 2903 757 2903 706 2889 686 2903 683 2903 683 2903 683 2903 680 2903 680 2903 680 2903 677 2903 677 2903 575 2889 532 2903 532 2903 529 2903 529 2903 526 2903 526 2903 526 2903 523 2903 523 2903 521 2903 521 2903 495 2883 404 2917 395 2920 395 2920 392 2920 392 2920 392 2923 304 2923"/></Shape>
	    <String CONTENT="que je possede -"
                    HPOS="304"
                    VPOS="2786"
                    WIDTH="607"
                    HEIGHT="137"></String>
          </TextLine>

          
          
          <TextLine ID="line_35"
                    
                    BASELINE="1136 2963 2247 2958 2566 2962" 
                    HPOS="1130"
                    VPOS="2872"
                    WIDTH="1435"
                    HEIGHT="159">
            <Shape><Polygon POINTS="1133 2960 1133 2977 1281 2974 1292 2986 1307 2994 1307 2997 1309 2997 1312 2997 1383 3003 1386 3003 1389 3003 1392 3003 1392 3000 1406 2989 1420 2974 1486 2991 1489 2991 1492 2991 1494 2991 1503 2991 1671 2974 1711 3000 1714 3003 1717 3003 1719 3003 1822 3008 1825 3008 1828 3008 1830 3008 1836 3003 1885 2971 1944 2971 2010 2991 2013 2991 2016 2991 2018 2991 2058 2977 2121 3011 2124 3011 2127 3011 2129 3011 2186 2983 2215 3006 2218 3006 2221 3006 2223 3006 2226 3006 2229 3006 2229 3003 2252 2986 2292 2994 2323 3020 2329 3028 2332 3028 2334 3028 2337 3031 2562 3031 2565 2960 2562 2906 2255 2906 2192 2886 2189 2886 2186 2886 2184 2886 2181 2886 2158 2900 2135 2880 2135 2877 2132 2877 2129 2877 2127 2877 2124 2877 2090 2889 1990 2872 1987 2872 1984 2872 1981 2872 1927 2906 1876 2906 1839 2872 1836 2872 1833 2872 1799 2872 1796 2872 1793 2872 1734 2903 1697 2880 1694 2880 1691 2880 1688 2880 1685 2880 1651 2900 1617 2872 1614 2872 1611 2872 1477 2872 1475 2872 1472 2872 1395 2903 1361 2872 1358 2872 1355 2872 1321 2872 1318 2872 1315 2872 1312 2872 1312 2875 1284 2900 1255 2880 1252 2880 1250 2880 1247 2880 1244 2880 1241 2880 1210 2906 1130 2906 1133 2960"/></Shape>
	    <String CONTENT="Fait a Paris le deux aout mil neuf cent"
                    HPOS="1130"
                    VPOS="2872"
                    WIDTH="1435"
                    HEIGHT="159"></String>
          </TextLine>

          
          
          <TextLine ID="eSc_line_3d1a2741"
                    
                    BASELINE="2398 3012 2425 3012 2511 3012 2533 3018 2549 3029 2560 3029 2560 3034 2571 3034 2581 3039 2576 3039" 
                    HPOS="2398"
                    VPOS="3012"
                    WIDTH="183"
                    HEIGHT="27">
            
	    <String CONTENT="quatorze"
                    HPOS="2398"
                    VPOS="3012"
                    WIDTH="183"
                    HEIGHT="27"></String>
          </TextLine>

          
          
          <TextLine ID="line_34"
                    
                    BASELINE="219 3105 427 3094" 
                    HPOS="207"
                    VPOS="3014"
                    WIDTH="220"
                    HEIGHT="131">
            <Shape><Polygon POINTS="219 3105 207 3031 264 3014 267 3014 267 3014 267 3014 270 3014 421 3026 427 3094 427 3102 390 3122 390 3122 390 3122 387 3122 387 3122 387 3122 384 3122 384 3122 353 3119 304 3111 222 3145"/></Shape>
	    <String CONTENT="Je dis"
                    HPOS="207"
                    VPOS="3014"
                    WIDTH="220"
                    HEIGHT="131"></String>
          </TextLine>

          
          
          <TextLine ID="line_36"
                    
                    BASELINE="182 3179 1215 3159" 
                    HPOS="182"
                    VPOS="3063"
                    WIDTH="1033"
                    HEIGHT="136">
            <Shape><Polygon POINTS="182 3179 185 3082 242 3117 301 3085 301 3085 301 3085 304 3085 304 3085 304 3085 307 3085 307 3085 310 3085 310 3085 378 3111 410 3080 412 3080 412 3077 412 3077 415 3077 415 3077 415 3077 418 3077 418 3077 418 3077 421 3077 421 3077 424 3077 424 3077 432 3080 461 3091 472 3080 475 3077 475 3074 475 3074 478 3074 478 3074 478 3074 481 3074 481 3074 481 3074 669 3071 672 3071 672 3071 674 3071 674 3071 674 3071 677 3071 677 3071 677 3074 683 3077 714 3111 765 3111 928 3105 962 3074 968 3068 968 3065 968 3065 971 3065 971 3065 971 3065 973 3065 973 3065 976 3065 976 3065 976 3065 979 3065 979 3065 979 3065 982 3065 990 3074 1039 3102 1121 3102 1153 3071 1158 3065 1158 3063 1158 3063 1161 3063 1161 3063 1161 3063 1164 3063 1164 3063 1167 3063 1167 3063 1167 3063 1210 3071 1215 3159 1215 3174 182 3199"/></Shape>
	    <String CONTENT="Germaine Fareu ma femme"
                    HPOS="182"
                    VPOS="3063"
                    WIDTH="1033"
                    HEIGHT="136"></String>
          </TextLine>

          
          
          <TextLine ID="line_39"
                    
                    BASELINE="1361 3179 1631 3165 1865 3128" 
                    HPOS="1349"
                    VPOS="3023"
                    WIDTH="521"
                    HEIGHT="270">
            <Shape><Polygon POINTS="1361 3179 1349 3105 1438 3097 1446 3088 1486 3037 1489 3037 1489 3034 1489 3034 1492 3034 1492 3034 1492 3034 1494 3034 1494 3034 1594 3026 1597 3026 1597 3026 1597 3026 1600 3026 1600 3026 1662 3051 1694 3065 1717 3043 1731 3031 1731 3028 1731 3028 1734 3028 1734 3028 1736 3028 1736 3028 1736 3028 1848 3023 1865 3128 1870 3208 1793 3216 1782 3225 1719 3262 1717 3262 1717 3262 1714 3262 1714 3262 1714 3262 1711 3262 1711 3262 1711 3262 1660 3253 1369 3293"/></Shape>
	    <String CONTENT="Georges Turpault"
                    HPOS="1349"
                    VPOS="3023"
                    WIDTH="521"
                    HEIGHT="270"></String>
          </TextLine>

          
          
          <TextLine ID="line_37"
                    
                    BASELINE="572 3282 689 3259 1002 3236" 
                    HPOS="558"
                    VPOS="3159"
                    WIDTH="450"
                    HEIGHT="168">
            <Shape><Polygon POINTS="572 3282 558 3179 734 3162 734 3162 737 3162 737 3162 740 3162 740 3162 740 3162 760 3171 788 3185 854 3168 891 3159 894 3159 894 3159 896 3159 996 3165 1002 3236 1008 3304 575 3327"/></Shape>
	    <String CONTENT="Georges Turpault"
                    HPOS="558"
                    VPOS="3159"
                    WIDTH="450"
                    HEIGHT="168"></String>
          </TextLine>

          
        </TextBlock>
        

        
      </PrintSpace>
    </Page>
  </Layout>
</alto>
