2126 2922
1027.0 133.0 804.0 147.0 Issy les Moulineaux

586.0 250.0 1323.0 122.0 le deux Aout mil neuf cent quatorze

462 949 120 857 Eviter les complications et

528 952 124 886 les procedures couteuses

104 1134 120 680 Fait en double expedition

168 1122 146 699 au cas ou un se perdrait

440 1599 25 398 P Soucin

737.0 581.0 1235.0 132.0 Je légue dtoute ma fortune

698.0 689.0 1255.0 104.0 à ma Femme Marguerite,

645.0 774.0 974.0 102.0 sans aucune restriction.

874.0 861.0 1132.0 105.0 Cette fortune se composant

659.0 947.0 1340.0 109.0 de 1° un fonds de commerce

638.0 1037.0 1405.0 95.0 materiel et marchandises, sis 36 rue

655.0 1124.0 1368.0 105.0 Ernest Renan, a Issy les Moulineaux

674.0 1210.0 1354.0 109.0 2° de billets de fond de commerce

669.0 1292.0 1279.0 115.0 dûs par M^rs Pélé de Rueil, et

667.0 1385.0 1354.0 105.0 Aurouet de Bougival, et je donne

679.0 1463.0 1339.0 117.0 a ma Femme tout pouvoir pour

686.0 1568.0 758.0 97.0 recouvrer ces créances

691.0 1633.0 1249.0 120.0 3° Deux bons Brazils Railways

662.0 1726.0 1381.0 109.0 Une ville de Paris, - 1 communal

642.0 1792.0 1191.0 138.0 1912, en dépot a la S^te G^le

672.0 1894.0 1329.0 122.0 Je dois à mon Frere Jacques Soucin

647.0 1982.0 1374.0 119.0 trois mille cinq cent francs environ

689.0 2074.0 1268.0 110.0 Je dois a la S^te G^le, 250 ^f environ,

681.0 2159.0 1267.0 103.0 et très peu aux Fournisseurs, mille

686.0 2254.0 1208.0 103.0 ou quinze cent au plus environ

793.0 2335.0 1199.0 107.0 Ma Femme devra aider ma Mère,

662.0 2427.0 1369.0 100.0 mon Pere, mon Frere et mes Soeurs, en cas de

674.0 2508.0 680.0 109.0 necessité et de malheur.

733.0 2588.0 1249.0 117.0 Fait de ma main, à Issy le 2 aout 1914,

696.0 2668.0 1276.0 129.0 a tête reposée et en toute liberte d’esprit.

1624.0 2756.0 389.0 131.0 P Soucin
