1711 3077
135 279 1075 95 Ceci est mon testament.

269 361 1308 105 J’institue ma chère femme pour ma

82 461 1482 95 legataire universelle à charge du legs ci après

174 546 1385 102 Je legue à ma vieille maman l’usufruit

92 638 1454 95 pendant sa vie de mes droits dans la succession

87 743 405 80 de mon père.

189 820 1288 100 Je veux ainsi que ma mort né diminue

100 892 1528 131 pas la situation de ma mère et que soit atténuée

100 992 1439 110 autant que possible la diminution de situation

100 1094 1390 106 de ma femme qui m’a donné pendant trois

105 1187 1336 97 années le plus grand bonheur qu’il soit

84 1284 790 103 possible de rêver sur terre

128 1359 1418 112 Je laisse à ma femme le soin de donner

76 1453 1483 116 un souvenir de moi à ma mere, à mes frères

100 1541 1482 100 à mes beaux parents, à mon beau-frere et à

97 1641 1378 89 ma belle soeur, à ma filleule Suzanne et a mes

102 1741 534 112 amis Delafosse.

777 1810 818 92 Paris ce trente-un juillet

1008 1902 605 128 dix neuf cent quatorze

1131 2041 367 161 D Bouvet
