2237 3080
855.0 207.0 973.0 136.0 Beaufort-Somme

916.0 621.0 1084.0 118.0 Ceci est Mon testament

598.0 859.0 1433.0 157.0 Je soussigné François Mazuel

575.0 975.0 1574.0 138.0 Hotelier, demeurant 12 rue des petits

508.0 1093.0 1615.0 126.0 Hotels en ce moment sur le front

97.0 1252.0 355.0 80.0 + à Paris

251.0 1309.0 234.0 115.0 Mazuel

554.0 1216.0 1605.0 113.0 révoque tous testaments ou donations

577.0 1342.0 476.0 92.0 anterieurs

572.0 1411.0 1593.0 139.0 J’institue ma femme Victorine Eugenie

462.0 1540.0 1695.0 120.0 Mennesson pour ma légataire universelle

521.0 1629.0 881.0 126.0 en pleine propriété.

475.0 1740.0 1674.0 136.0 En cas d’existence d’enfants le present legs

405.0 1855.0 1747.0 131.0 sera reduit à la plus forte quotité presmise

66.0 1950.0 2091.0 152.0 un mot rayér nul par la loi tant en pleine propriété qu’

166.0 2091.0 1059.0 134.0 en usufruits

408.0 2158.0 1746.0 157.0 Et pour jouir de l’usufruit auquel elle pourrait

364.0 2276.0 1806.0 144.0 avoir droit en vertu du present legs, ma femme

328.0 2394.0 1790.0 123.0 sera dispensée de caution et d’emploi mais

344.0 2497.0 1792.0 144.0 devra faire faire face bon et fidele inventaire

339.0 2620.0 1022.0 116.0 conformement à la loi.

490.0 2702.0 1657.0 167.0 Beaufort le 23 Juin mille neuf cent quinze

1551.0 2795.0 447.0 249.0 FMazuel
