1711 3077
130 284 1083 92 Ceci est mon testament.

277 361 1303 108 J’institue ma chère femme pour ma

79 458 1488 103 legataire universelle à charge du legs ci après

187 546 1375 100 Je legue à ma vieille maman l’usufruit

92 638 1454 95 pendant sa vie de mes droits dans la succession

97 733 398 84 de mon père.

194 817 1283 103 Je veux ainsi que ma mort né diminue

102 897 1529 123 pas la situation de ma mère et que soit atténuée

100 992 1439 110 autant que possible la diminution de situation

100 1094 1390 106 de ma femme qui m’a donné pendant trois

105 1187 1336 97 années le plus grand bonheur qu’il soit

84 1284 790 103 possible de rêver sur terre

128 1359 1418 112 Je laisse à ma femme le soin de donner

76 1453 1483 116 un souvenir de moi à ma mere, à mes frères

100 1541 1482 100 à mes beaux parents, à mon beau-frere et à

97 1641 1378 89 ma belle soeur, à ma filleule Suzanne et a mes

102 1741 534 112 amis Delafosse.

777 1810 818 92 Paris ce trente-un juillet

1008 1902 605 128 dix neuf cent quatorze

1131 2041 367 161 D Bouvet
