2767 3415
705 187 1267 128 Ceci est mon testament

307 290 2314 131 Je soussigné Albert Julien René Margottin, horticulteur

310 375 2340 137 demeurant à Vitry s/ SeineVitry-sur-Seine 123 Boulevard Lamouroux, sain

304 480 2303 137 de corps et d’esprit, donne et lègue à mon épouse,

293 569 2345 142 Marguerite Margottin née Marthe Marguerite Joséphine Roux

307 660 2300 139 demeurant à Vitry s/ SeineVitry-sur-Seine 123 Boulevard Lamouroux,

290 765 2326 125 tout ce que nous avons gagné ensembles, tous les biens

304 862 2317 134 meubles et immeubles qui composeront ma succession sans

304 956 2357 125 aucune exception ni réserve, et je l’institue mon légataire

301 1052 2337 120 universel. Pour ce qui concerne ma dot de dix milles

298 1146 2295 131 francs qui pourrait être réclamée par ma famille, je

287 1235 2360 128 declare que j’ai employé à mon gré l’argent de cette dot

293 1323 2343 134 pour acheter des actions et des obligations qu’il m’est

287 1420 2351 133 impossible de détailler par catégories et que les dites actions

278 1513 2352 140 et obligations seront dépréciées ou totalement perdues par

270 1610 2348 140 suite de la guerre Européenne. En conséquence, je désire

270 1704 2366 137 que mon épouse ne soit inquiétée en aucune façon

290 1801 2346 134 au sujet de ma dot d’autant plus qu’elle aurait mieux

281 1901 2366 125 aimé que je ne la touche pas le jour que mon père me

281 1986 2380 134 l’a donnée pour s’affranchir de la rente de 4% qu’il me servait.

239 2080 2388 148 Si à l’encontre de ma dernière volonté certaines objections

236 2168 2400 131 sont émises avec l’aide de la loi, ou bien si mon épouse peut

261 2268 2357 131 ou veut rendre quand même quelque chose, il serait juste de

261 2367 2386 140 ne lui réclamer que la moitié de ma dot soit cinq mille francs

259 2458 2311 140 et encore accorder un délai illimité pour attendre que les

253 2558 2334 125 actions ou obligations soient vendues à peu près au prix de

247 2643 2360 131 leur valeur. Toute autre disposition à cause de ma mort,

270 2749 2309 130 que j’ai pû faire antérieurement est et demeure révoquée

384 2825 2209 140 Fait en double, écrit et daté entièrement de ma main à

404 2919 2217 165 Vitry s/ SeineVitry-sur-Seine le neuf Août Mille neuf cent

432 3027 422 197 quatorze

1144 3036 620 313 A Margottin
