2138 2959
660.0 76.0 1347.0 138.0 Je soussigné Robichon Jean Joseph,

631.0 194.0 1349.0 99.0 né le 13 Mars mil huit cent soixantedix

646.0 276.0 1331.0 108.0 à Aigre (Charente) ; demeurant, 56 rue

648.0 369.0 1322.0 106.0 de Verneuil à Paris, légue à Rallier

663.0 448.0 1299.0 116.0 Berthe Marie Joséphine, tout ce que la loi

668.0 547.0 870.0 106.0 me permet de lui léguer

683.0 623.0 1289.0 116.0 Exception est faite, pour une pièce de

648.0 700.0 1398.0 118.0 terre, dénommée les Sablons où les Gailleteries

655.0 798.0 1428.0 109.0 sise commune de Chennevières, près Pontchartrain

675.0 885.0 1398.0 113.0 (Seine et Oise) ; je désire laisser seulement la

658.0 971.0 1346.0 113.0 jouissance, sa vie durant, de la dite pièce de

616.0 1052.0 1425.0 114.0 terre à Rallier Berthe Marie Joséphine,

678.0 1144.0 1358.0 103.0 épouse Robichon- Les Sablons devant

683.0 1232.0 1025.0 109.0 revenir plus tard à mes fils

734.0 1321.0 1214.0 99.0 Mon Avoir se compose en dehors des

692.0 1393.0 728.0 116.0 meubles et effets de :

665.0 1499.0 1421.0 98.0 1° Trois obligations communales 1912, entièrement

675.0 1570.0 1073.0 116.0 libérées et portant les numéros

670.0 1661.0 1273.0 111.0 1960830 = 1960829 = 0359176

678.0 1748.0 1346.0 116.0 ces titres déposés, agence D, rue du Bac,

678.0 1834.0 542.0 94.0 Societé Générale

675.0 1883.0 1411.0 146.0 2° Dix actions ordinaires The New Jagersfontein

675.0 2007.0 1332.0 103.0 Mining et exploration ; déposées agence D,

685.0 2088.0 1051.0 101.0 rue du Bac, Societé Générale

683.0 2177.0 1344.0 101.0 3° Une créance au nom de Marsat Antoine,

688.0 2261.0 1415.0 101.0 demeurant, villa des Bluets à Verrières-le-Buisson

685.0 2340.0 469.0 120.0 (Seine et Oise)

688.0 2406.0 1255.0 128.0 4° Une somme de Trois mille cinq

705.0 2522.0 1277.0 99.0 cents francs, déposée sur mon livret de

688.0 2603.0 1385.0 119.0 retraite pour la vieillesse, livret Nonuméro 75D = 37178
