1888 2419
790 346 1027 131 Dimanche le 9 Aout 1914

288 479 1521 149 Je lègue à mon fils chéri Jacques

116 584 1550 111 Henri Drujon la totalité de mes

167 687 1468 103 biens propres présents et à venir,

205 761 1614 113 charge à lui d’en réserver l’usufruit

199 856 1620 91 à ma femme bien-aimée née Germaine

183 933 1529 111 Maillard pendant toute la durée

211 1030 898 98 de la vie de celle-ci.

369 1098 1385 109 Je demande qu’il soit prélevé

231 1187 1578 111 sur mes bijoux personnels ma bague

225 1263 1535 99 chevalière avec mes initiales gravées

229 1348 1485 111 pour être remise à mon bon vieil

252 1431 1428 99 ami Frank Milne-Rosedale-

238 1509 1571 121 - Westminster Drive - Westcliff-on-Sea

238 1598 808 119 (Essex) Angleterre -

264 1679 1494 111 Je place mon fils chéri sous la

242 1763 1531 125 tutelle de mon Père en qui j’ai pleine

254 1854 1478 101 confiance pour l’élever et en faire

254 1937 1472 105 un homme dans toute l’acception

268 2044 433 76 du mot

397 2108 1216 119 Fait à Paris, sain de corps
