1728 3072
588 74 407 115 Testament

168 184 1406 107 Je soussigné Rébuffé, Francis, Victor, Marie, né à

125 271 1536 115 Rennes le deux février mil huit cent quatre vingt, Mobilisé

117 360 1554 123 Lieutenant au 80^ème Régiment Territorial d’Infanterie, sain

135 455 1475 128 de corps et d’esprit, déclare prendre et faire respecter

130 550 1196 115 , en cas de décès, les dispositions suivantes :

158 640 1439 120 Je désire que mes deux filles, Marie-Louise et Paule

153 727 1508 122 Rébuffé continuent à être élevées au Pensionnat "Jeanne

151 824 1507 115 d’Arc", 19 Rue de Saint Germain, à Chatou (Seine et Oise)

151 921 1520 113 jusqu’à l’époque de fin d’études secondaires, ou d’obtention

143 1003 1518 115 d’emploi dans une Administration, leur permettant de

135 1100 1124 113 subvenir à tous leurs besoins d’existence.

148 1190 1467 120 Le produit intégral des annuités du montant de la

133 1285 1528 112 retraite accordé à ma descendance, par l’Etat, suivant

133 1374 1510 131 le grade ou emploi que je reste susceptible d’occuper

120 1474 1533 97 dans l’armée, lors de mon décés, devra être versé

143 1561 1533 100 intégralement à la Direction du dit Pensionnat Jeanne

143 1646 1531 122 d’Arc, à Chatou pour être affecté chez cet Etablissement

138 1735 1536 113 au réglement de la pension et tous frais d’entretien,

135 1830 1523 128 de mes deux fillettes Marie-Louise et Paule Rébuffé

143 1922 1439 120 D’autre part, toutes sommes provenant de solde à

140 2017 1534 118 régler jusqu’à liquidation de pension militaire ainsi

125 2109 1546 123 que celles qui pourraient se trouver disponibles tant

140 2201 1488 123 en Banque qu’en tous lieux, à mon avantage,

112 2288 1462 113 devront être également versées au profit de mes

117 2378 1526 128 deux filles, à la direction du Pensionnat Jeanne

120 2467 550 110 d’Arc à Chatou

125 2565 1546 117 Le mobilier en ma possession à mon domicile, 117 Avenue

110 2644 1515 131 du chemin de fer à Rueil (Seine et Oise) pourra être

125 2746 1544 146 ou conservé ou réalisé toujours au profit de mes deux
