2047 3077
541.0 210.0 1287.0 154.0 Ceci est mon testament

484.0 382.0 1339.0 169.0 J’institue pour ma légataire

441.0 517.0 1516.0 118.0 universelle en toute propriété

456.0 615.0 1488.0 110.0 ma femme née Charlotte Brun

451.0 723.0 1493.0 107.0 avec qui je me suis marié à la

456.0 815.0 1488.0 95.0 mairie de cinquième arrondissement

456.0 889.0 1508.0 118.0 de Paris le dix neuf août 1911.

484.0 984.0 1460.0 103.0 En cas d’existence à mon dècès

451.0 1066.0 1408.0 116.0 d’héritiers à réserve, le legs

438.0 1166.0 1534.0 116.0 universel ci-dessus sera reduit

459.0 1253.0 1498.0 118.0 à la plus forte quotité permise

466.0 1343.0 1506.0 126.0 par la loi, tant en pleine pro-

456.0 1433.0 1473.0 126.0 priété qu’en usufruit et avec

461.0 1517.0 1498.0 124.0 dispense de caution et d’emploi

471.0 1620.0 860.0 121.0 pour l’usufruit.

479.0 1692.0 1496.0 131.0 Les dispositions ci dessus seront

484.0 1802.0 1388.0 108.0 applicables aux biens que je

471.0 1889.0 1468.0 136.0 posséderai tant en France qu’à

469.0 1979.0 569.0 144.0 l’etranger.

577.0 2146.0 1382.0 156.0 Clamart (Seine), 1, rue des Etangs

692.0 2300.0 1234.0 184.0 le vingt quatre août 1914

738 2502 1001 295 Mieczyslaw Kohn
