2493 1965
368 109 395 90 Codicille

271 327 1873 95 Je prie mes vieux et chers Amis Henry Loubers et

266 417 1909 102 Jean Philippot d’être respectivement les Tuteurs de

252 512 1955 95 mon Fils et de ma Fille. A leur défaut, j’adresse

226 600 1800 99 la même prière, dans cet ordre, à mes Amis

227 681 1964 119 Henri Robillon, Albert Ulmer, Gabriel Le Ber, André

232 784 1921 118 Bonnet, en qui j’ai la plus affectueuse confiance et

230 876 2068 134 que, par avance, je remercie en leur recommandant mes

242 959 898 103 Enfants de toute mon âme.

456 1088 1709 109 Je prie ma Mère et ma Femme de choisir pour

206 1180 2133 123 les tuteurs de mes Enfants parmi nos bijoux, livres, etc.

208 1291 1592 117 un souvenir qui ne soit pas trop indigne d’eux

1331 1503 523 90 6 Août 1914

1513 1639 480 149 Paul Viven
