2517 3885
479 132 1879 152 fidèles et dévoués. Mon père et ma

485 284 1873 114 mère n’auront donc que mon usufruit.

550 388 1830 126 Je demande à mes chers Parents, de

463 508 1934 136 prendre immédiatement leurs dispositions

489 641 1775 103 testamentaires en ce qui concerne ce

489 741 1830 139 qu’ils possédent afin de tout bien

505 874 1713 116 régler avant leur mort. Devant

505 990 1788 130 logiquement hériter d’eux, je me

495 1113 1665 114 permets de leur indiquer en

502 1246 1827 116 grandes lignes ce que j’aurais fait

489 1346 1684 123 de leurs biens que je considérais

518 1498 1730 88 comme sacrés et auxquels j’avais

502 1586 1849 133 bien la ferme intention de ne jamais

492 1715 1526 107 porter atteinte. Voici :

537 1822 1779 133 Pour madame Marie Michel, dont il

479 1929 1791 146 est parlé plus haut, lui donner la

466 2052 1879 146 propriété de Paris, 27 à 33 rue du chevaleret

479 2178 1808 123 et 4 à 12 rue Cantagrel, où est batie la maison,

1622 2288 739 117 et tout ce qu’elle contient

476 2308 1885 123 plus la maison de Coudes où nous habitons,

498 2418 1759 149 le jardin en face, le Courton et le gazon.

492 2538 1581 132 et plus s’ils le désirent (mes parents)

502 2670 1836 107 Avec ce qui leur reste de biens en plus

492 2790 1733 126 de ceux cités déja. avantager la

485 2910 1866 120 famille de ma mère. qui a été toujours

469 3017 1876 126 bonne pour nous, surtout les Rodier -

495 3140 1772 126 Rodier. Exclure les Combelle. sauf mon

508 3282 1629 114 cousin Francisque, et mon petit cousin

489 3389 1739 120 Valentin. Le premier en souvenir de

505 3496 1850 185 notre bonne amitié d’enfance, et le
