2165 2928
524 80 1438 117 5° Une assurance-vie, contractée sur la

507.0 168.0 1513.0 134.0 tête de mon fils ainé, mais devant être touchée

524.0 268.0 1489.0 102.0 par moi à l’expiration du contrat ; numéro

512.0 351.0 1469.0 107.0 de police 25 508, assurances-vie La France,

534.0 441.0 1333.0 95.0 sise 14 rue de Grammont. Paris.

527.0 522.0 1486.0 102.0 Sur cette assurance j’ai contracté à la veille

529.0 605.0 1450.0 109.0 de la guerre, soit le 30 juillet 1914, un

527.0 697.0 1423.0 120.0 prêt de Trois mille francs ; le semestre

534.0 788.0 1411.0 109.0 de septembre 1914 à bien été payé à la

539.0 873.0 1406.0 103.0 compagnie La France, mais à partir de

541.0 951.0 1516.0 127.0 cette époque il n’a plus été faite de versement.

561.0 1046.0 1386.0 130.0 Fait à Paris, le mercredi 26 Mai

563.0 1144.0 801.0 117.0 mil neuf cent quinze

676 1332 910 239 J. Robichon

920.0 1715.0 771.0 32.0 56 rue de Verneuil
