1809 3105
183.0 62.0 363.0 88.0 Page unique

364.0 152.0 1305.0 122.0 Je soussigné, Giraudeau,

201.0 253.0 1520.0 122.0 Abel, Constant, Capitaine au 76e Régiment

199.0 354.0 1485.0 119.0 d’infanterie, actuellement en campagne de

209.0 455.0 1509.0 106.0 Guerre, en prévision d’un engagement avec

204.0 551.0 1478.0 106.0 l’ennemi où je pourrais être tué, déclare

204.0 623.0 1506.0 109.0 instituer ma femme, Madame Giraudeau,

207.0 721.0 1495.0 104.0 Jeanne, Marie, née Fraisse, demeurant à

222 812 1429 106 Paris, rue Désiré-Ruggièri, Nonuméro 12, légataire

217.0 903.0 1485.0 100.0 universelle de la totalité des biens, meubles et

217.0 996.0 1485.0 119.0 immeubles que je pourrais posséder au jour

212.0 1091.0 1529.0 91.0 de mon décès, ainsi que de toutes valeurs, monnaies,

214.0 1177.0 1517.0 124.0 objets d’art ou titres de finance existant chez-moi.

251.0 1265.0 1485.0 108.0 Pour ma femme, jouir de tout ce que dessus en

225.0 1358.0 1524.0 124.0 pleine proprièté, sans aucune obligation, n’ayant

225.0 1446.0 1452.0 127.0 pas de descendants directs, et absolument comme

232.0 1531.0 567.0 117.0 elle l’entendra.

263.0 1635.0 1483.0 111.0 Fait en campagne, sain de corps et d’esprit,

248.0 1720.0 1488.0 124.0 à Ambly-sur-Meuse, le douze Août mil

243.0 1824.0 699.0 111.0 neuf cent quatorze.

926 1811 476 295 A. Giraudeau
