2528 3750
406 306 1777 134 Ceci est un testament, entièrement écrit de

469 409 1874 116 ma main, en toute lucidité d'esprit, ce 6 août

466 521 1007 116 mil neuf cent quatorze

810 687 525 97 Ma chère Mère

800 750 579 121 Ma chère Femme

800 865 667 85 Mes Enfants adorés

391 993 1849 122 Avant toutes choses, je vous recommende de rester

250 1096 2124 107 bien unis : j'y vois la condition essentielle de votre bonheur

281 1181 973 106 et de notre prospérité à tous.

560 1306 1820 147 J'entends que mon avis soit partagé également

269 1406 2005 109 entre mes enfants, en sorte par mon aîné n'ait pas à

278 1481 2143 131 souffrir, dans ce partage, de sa situation d'enfant naturel.

519 1615 1686 122 Je prie ma mère, sur mon [[avoir]], de payer

262 1721 1990 97 mes dettes dont elle trouvera le relevé dans mon petit

272 1809 2124 144 calepin [[justement ]] placé dans mon coffre et qui s'élèvent

290 1925 1993 106 à une quinzaine de mille francs au maximum, si

303 2012 626 106 j'ai me [[trompe]].

560 2143 1705 135 Qu'elle ne se préoccupe plus des 12.500^f

237 2209 2078 175 de la Banque XXXX, ni les 5000^f [[prêt]] Philippot

215 2328 2109 165 [[bons]] qui ont été empoyés par moi au réglement d'une

234 2428 2043 172 passif antérieur (ainsi que les 1000^f prêt André) =

240 2550 2100 134 c'est pour compenser le [[manquement]] de toutes ces [[sommes]]

209 2650 2187 140 que j'avois contracté au [[sur la vie]] de 25.000^f

193 2743 2115 153 tout en payant à une mère des intérêts de ces prétendus

231 2846 410 110 placements.

472 3025 1699 125 Je prie ma mère de bien vouloir continuer à

147 3106 2099 137 assurer l'existence de [[la]] mère et mon fils, doit elle

231 3206 2071 147 trouvera l'adresse, aux bons renseignements utiles, dans

228 3315 2084 160 mon coffret : c'est même une obligation formelle que
