2259 3069
749.0 245.0 975.0 90.0 Ceci est mon testament

706.0 329.0 1463.0 105.0 Je soussigné Alfred Auguste Ducourrau

616.0 414.0 1543.0 97.0 demeurant à Saint Leu la Forêt (Seine-Oise)

616.0 498.0 1402.0 100.0 actuellement mobilisé au 43e Régiment

598.0 588.0 1451.0 107.0 d’Infanterie Coloniale 21e Compagnie

608.0 677.0 1566.0 95.0 Secteur postal 13 déclare instituer et institue

596.0 764.0 1573.0 110.0 Madame Louise Esther Anna Morin, mon

606.0 864.0 1540.0 95.0 épouse pour ma légataire universelle de

593.0 941.0 1579.0 99.0 tous les biens meubles et immeubles qui dépenderont

590.0 1038.0 1564.0 107.0 de ma succession au jour de mon décès, voulant

578.0 1125.0 1576.0 112.0 et entendant qu’elle puisse en jouir et disposer

598.0 1222.0 1558.0 89.0 comme de choses lui appartenant à compter de

596.0 1301.0 1565.0 110.0 mon dit décès sans qu’elle ait a fournir caution

590.0 1401.0 658.0 84.0 ni à faire emploi.

634.0 1480.0 1520.0 90.0 Fait et écrit en entier de ma main à Saint

570.0 1557.0 1589.0 125.0 Leu la Forêt le deux Novembre mil neuf cent dix

598.0 1659.0 197.0 82.0 sept.

1335.0 1721.0 547.0 97.0 A Ducourrau
