2238 3115
1030 173 1010 117 Paris le 3 Août 1914

734 420 1296 140 Ceci est mon testament

547 526 1374 156 fait sain de corps et d’esprit

537 638 1392 104 avant de rejoindre mon corps

558 708 1467 120 à Versailles où je suis mobilisé.

700 887 1306 140 Je désire que ma femme

540 983 1474 143 soit usufruitière du capital et

550 1092 1433 115 de tout ce que je possède, le

545 1188 1456 125 principal devant revenir en

511 1271 1353 112 tous cas à mes héritiers

524 1365 535 101 naturels -

560 1560 1363 103 Je recommande mon père

511 1630 1358 124 aux soins de ma femme et

519 1728 1334 117 ma femme a la grande

506 1824 1184 117 bonté de mon père

547 2001 1522 101 Je les remercie l’un et l’autre

521 2097 1501 117 des bontés qu’ils ont eues pour

508 2183 1498 119 moi. Je désire que ma fille

534 2273 1470 115 soit élevé dans le souvenir de

540 2364 1412 128 ma grand’mère et qu’elles

560 2460 1462 102 connaissent les bontés de son

542 2551 1573 117 grand’père, de son admirable mère

545 2634 1560 109 de ses oncles et tantes et specialement

545 2728 1500 104 de son oncle et de sa tante Chéron

625 2821 1254 117 Fait sain de corps et d’Esprit

960 2899 649 81 le 3 Août 1914

1176 2943 776 135 Félix Delahaye

319 1414 130 1293 Ce testament annule tout

198 1478 26 462 précédent
