2511 3879
1692.0 87.0 679.0 103.0 Page première

168.0 135.0 1805.0 136.0 Château de Kérano le 20 avril 1915

660 352 1423 161 Ceci est mon testament

627.0 733.0 1579.0 152.0 Devant partir pour le front

511.0 866.0 1673.0 123.0 d’un moment à l’autre et

546.0 1002.0 1638.0 119.0 comme je compte accomplir

559.0 1111.0 1761.0 114.0 vaillamment mon devoir, il se

520.0 1234.0 1871.0 133.0 peut que je meurre en défendant

556.0 1338.0 534.0 129.0 la Patrie.

702.0 1474.0 1508.0 126.0 Voici ce que je décide en

530.0 1603.0 1557.0 103.0 ce qui concerne ce que je

553.0 1716.0 508.0 116.0 possède :

721.0 1810.0 1595.0 142.0 Je donne à Pierre Boiteux,

485.0 1952.0 1786.0 120.0 de Néronde, Puy de Dôme qui a été

508.0 2081.0 1770.0 100.0 à mon service en 1914 tout ce

501.0 2191.0 1883.0 126.0 que je posséde comme argent, valeurs,

501.0 2311.0 1770.0 123.0 titres, propriétés (prai des Martrs), bijoux,

527.0 2421.0 1689.0 132.0 meubles, bibelots, et tout ce que

524.0 2553.0 1828.0 117.0 renferme mon appartement à Paris

504.0 2653.0 1783.0 126.0 8, rue Cantagrel. Je l’institue en un

504.0 2779.0 1664.0 133.0 mot mon légataire universel.

608.0 2893.0 1670.0 139.0 Toutefois, comme ces meubles

511.0 3035.0 1747.0 116.0 peuvent ne pas lui être d’une

501.0 3151.0 1605.0 133.0 grande utilité et que mes

504.0 3271.0 1838.0 119.0 parents peuvent vouloir conserver

527.0 3390.0 1854.0 130.0 ce qui m’a appartenu, Je decide ce

504.0 3510.0 1874.0 129.0 qui suit : si monsieur Pierre Boiteu
