2416 3840
172.0 48.0 1885.0 153.0 3° La cheminée du salon est due (demander

342.0 172.0 1312.0 138.0 la note a MrMonsieur Welsch, c’est 360 frsf).

179.0 288.0 1782.0 140.0 4° Les tapis qui sont en garde au Bon marché

323.0 393.0 1875.0 125.0 sont dus (Mr.Monsieur Parlant rue de Paradis). environ 300 frs.

172.0 531.0 1888.0 134.0 5° Je dois en outre une note de 650 frs environ au

313.0 659.0 1098.0 141.0 garage Herrionnet (Versailles)

195.0 780.0 1913.0 125.0 6° Je dois aussi une note a un marchand de vin

297.0 899.0 1872.0 118.0 de Bordeaux (500 .) environ. C’est le vin qui est dans

291.0 1014.0 745.0 93.0 la cave en bouteille.

156 1100 1879 138 7° Je dois 120 frs environ a Pujol maitre Tailleur

304.0 1200.0 1744.0 134.0 au 20' traies. Il me doit des honoraires en 1916.

150.0 1280.0 2006.0 96.0 8° Je dois 6333 fr a M Robert (prêt en 1912) Les interets sont payés a ce jour

118.0 1344.0 2032.0 131.0 D. Adain J’ai payé les contributions de 1916 mais pas celles de

297.0 1472.0 1834.0 112.0 l auto pour 1915 et 1916, parce que l’on a tarifé

288.0 1577.0 1804.0 106.0 l’auto à 4 places et a 16 hpchevaux, alors qu’elle a 2

291.0 1680.0 1641.0 118.0 places et 10 Hp. Ceci est une question a règler.

70.0 1820.0 1958.0 138.0 D. Adain Personnellement j’ai gagné et touché

278.0 1926.0 1645.0 131.0 en 1916 - 23 000 frs, qui sont déposés à la

278.0 2035.0 1894.0 109.0 Banque de France, et dont les reçus sont dans cette

275.0 2150.0 1808.0 112.0 enveloppe de testament. Ajoutés aux 7000 qui restaient

275.0 2249.0 1881.0 135.0 a la mort de ma femme cela fait 30.000 fr en bons de

262.0 2358.0 1677.0 128.0 la défense nationale à 1 an. J’ai en outre un

272.0 2464.0 1596.0 128.0 petit compte ouvert à la Banque de France

438.0 2566.0 1853.0 147.0 Je suis possesseur de 2 actions libérées de 100 fr. chaque

288.0 2662.0 710.0 128.0 à l’école Jules Ferry.

396.0 2768.0 1687.0 134.0 Je suis pourvu d’une assurance mixte de

275.0 2876.0 1801.0 135.0 25000. fr à La Victoria de Berlin. J’ai payé 3

281.0 2998.0 1795.0 109.0 primes et n’ai pas payé celle qui sont échues en

275.0 3094.0 1849.0 115.0 decembre 1914, 15 et 16. Cette assurance, garantit

278.0 3200.0 1872.0 105.0 les risques de guerre, sur terre et sur mere. J’ai notifié

281.0 3299.0 1914.0 128.0 par lettre recommandée au sequestre, MrBartes, que

268.0 3408.0 1824.0 115.0 je m’engageais a payer les primes echues a la

297.0 3516.0 1818.0 112.0 fin des hostilités. De cette façon mon assurance

288.0 3625.0 460.0 106.0 est valable.
