2126 2922
1027 133 804 147 Issy les Moulineaux

586 250 1323 122 le deux Aout mil neuf cent quatorze

737 581 1235 132 Je légue dtoute ma fortune

698 689 1255 104 à ma Femme Marguerite,

645 774 974 102 sans aucune restriction.

874 861 1132 105 Cette fortune se composant

659 947 1340 109 de 1° un fonds de commerce

638 1037 1405 95 materiel et marchandises, sis 36 rue

655 1124 1368 105 Ernest Renan, a Issy les Moulineaux

674 1210 1354 109 2° de billets de fond de commerce

669 1292 1279 115 dûs par M^rs Pélé de Rueil, et

667 1385 1354 105 Aurouet de Bougival, et je donne

679 1463 1339 117 a ma Femme tout pouvoir pour

686 1568 758 97 recouvrer ces créances

691 1633 1249 120 3° Deux bons Brazils Railways

662 1726 1381 109 Une ville de Paris, - 1 communal

642 1792 1191 138 1912, en dépot a la S^te G^le

672 1894 1329 122 Je dois à mon Frere Jacques Soucin

647 1982 1374 119 trois mille cinq cent francs environ

689 2074 1268 110 Je dois a la S^te G^le, 250 ^f environ,

681 2159 1267 103 et très peu aux Fournisseurs, mille

686 2254 1208 103 ou quinze cent au plus environ

793 2335 1199 107 Ma Femme devra aider ma Mère,

662 2427 1369 100 mon Pere, mon Frere et mes Soeurs, en cas de

674 2508 680 109 necessité et de malheur.

733 2588 1249 117 Fait de ma main, à Issy le 2 aout 1914,

696 2668 1276 129 a tête reposée et en toute liberte d’esprit.

1624 2756 389 131 P Soucin

460 949 122 857 les procedures couteuses

530 949 105 889 Eviter les complications et

153 1098 163 755 Fait en double expedition

114 1132 107 730 au cas ou un se perdrait

348 1558 199 489 P Soucin
