2166 3070
860 76 665 159 Paris ce 7 Mars 1915

780 429 725 149 Ceci est mon testament

642 726 1027 105 Je donne et lègue à Madame

601 805 1206 136 Marthe Elisabeth Morel, ma fiancée

578 908 1314 123 épouse divorcée de Monsieur Jérémie Félicien Thomet

553 992 1492 141 née à Lavilleneuve sous Thury (Oise) le 16 Juin 1874

573 1102 1426 123 tout ce que je possède y compris la part qui me

560 1192 1421 110 reviendra de la sucession paternelle et tout ce qui

565 1268 1483 131 pourrait revenir d’héritages familiaux. je l’institue

558 1368 1410 113 ma légataire universelle, à charge par elle de

542 1442 1480 131 remettre à mon frère Gilbert Lucas ma collection d’armes

553 1540 1487 117 de remettre des souvenirs aux membres de ma famille

558 1647 1467 100 et à condition de ne pas se remarier, au cas de

542 1724 1536 115 remariage, ce testament serait nul. Telles sont mes

555 1808 1518 123 dernières volontés. Fait sain de corps et d’esprit sans

522 1898 1254 146 aucune contrainte, à Paris ce 7 Mars 1915

517 1990 468 151 Fait en double

711 2092 438 466 André Lucas
