2528 3872
329 1445 106 184 31 607

71 413 116 1235 J’ai remis la clef de mon coffre fort 8.13

232 525 110 1120 d’assurance et des bijoux. La combinaison

125 422 162 1230 à Mr Jaillet. Il y a la des papiers, mes polices

435 348 917 113 Ceci est mon testament

435 454 1663 117 Sain de corps et d’esprit, le 5 novembre 1916,

439 567 1801 113 je déclare laisser tout ce que je possèdè à mon

422 667 1760 126 fils Jean Adain né le 18 juin 1913, de mon

422 787 1637 103 mariage avec Madame Madeleine Robert

442 900 1769 100 A la suite du decès de sa mère, mon fils hérite

419 1000 1750 113 de sa mère, la totalité d’une rente de 1500 francs

445 1106 1724 110 garantie par des titres, que je laisse aux mains de

445 1200 1798 119 Mr Jaillet 33, rue du champ de mars à Paris

442 1316 1856 97 avec un pouvoir régulier pour en toucher les rentes, en

474 1429 526 90 mon absence.

455 1500 1863 132 Si je meurs, monsieur Jaillet aura la garde de

448 1613 1853 113 mon fils et de ses intérêts ; au cas ou il decederait

416 1700 1821 123 lui meme, la garde de mon enfant sera confiée

471 1806 1653 110 à mon frère Camille Adain, pharmacien à

448 1900 1773 142 Giromagny, (Territoire de Belfort). En aucun cas

455 2006 1750 146 je ne desire que mon fils soit confié à ses grands

422 2129 1718 132 parents maternels que je considère comme

461 2219 1747 155 inaptes à son éducation. Je desire et je designe

464 2326 1676 152 comme exécuteur testamentaire le Docteur

461 2436 1766 161 Hattat de Chatou, à qui je lègue, à titre

468 2571 1724 142 d’épingle une somme de deux cents francs.

458 2687 1776 146 J’ai declaré et je maintiens qu’à la mort de

464 2816 1728 133 ma chère femme, il me restait en argent

442 2936 1078 151 une somme de 7000 francs.

468 3045 1746 171 J’ai déclaré qu’il exitait comme acquis de

461 3158 1757 162 communauté, ma maison sise rue de Gravelle

481 3258 1740 171 nonuméro 2ter, un certain nombre de meubles, la salle

487 3378 1714 161 a manger, la chambre a coucher que j’occupe

481 3465 1746 187 sise sur la rue a gauche au 1er étage, la toilette

487 3578 1937 161 de la chambre de droite, le salon et ce qui le meuble

506 3697 711 129 y compris le piano.
