2464 3840
265 86 1875 163 Tout le reste, tableaux y compris, m’appartenait

268 211 1799 141 en propre lors de mon mariage. Le petit bureau

268 339 1632 125 Louis XV qui est dans ma chambre a coucher,

268 454 1783 128 m’appartenait également (il m’a été donné par ma

281 534 1277 150 mère). L’auto est à la communauté.

281 652 1824 151 Ce que m a femme a apporté en mariage, linge

281 768 1744 137 et bijou est sur le contrat de mariage. Elle n’a

291 876 1808 128 contrairement a ce qui est ecrit dans le contrat,

284 992 1066 144 apporté aucun objet mobilier.

284 1091 1911 144 Ceci dit la communauté a à sa charge les dettes

288 1228 364 103 suivantes :

182 1273 2029 151 1° 22.500 frdus sur la maison a Mr Corbin, dont

294 1388 1680 151 les interets a 4 1/2 % ont eté regulièrement

291 1491 1968 160 payés a ce jour. Ces interets ont deux echéances, le

326 1628 1437 125 22 fevrier et le 22 aout chaque annee.

147 1724 2160 148 2° les mémoirs des entrepreneurs qui n ont pas été réglés

329 1820 1722 154 par l’architecte Mr Welsch en raison de la

342 1913 2022 163 mobilisation. Certains de ces mémoires sont très exagérés

342 2006 1670 179 il appartiendra a Mr Jaillet de veiller sur les

352 2102 1779 195 intérêts de mon fils a cet égard. D’autre part jai

358 2262 787 118 versé des accomptes :"

764 2313 1127 154 Beunon (maçon) 3000 frs

764 2422 1124 147 Berson (toiture salle de bain etc) 1000 frs

758 2550 1037 99 Le Lan (peintre) 1000.

764 2627 1050 141 Scheid (menuisier) 1000.

387 2745 1987 122 J’ai payé le mouleur mr Dupont rue Hoche totalement.

768 2838 1075 131 Ferré (serrurier) 200 frs.

403 2940 1869 170 D’autre part Mr Tunzini me doit environ 500 fr

422 3065 1946 147 d’honoraires, qui sont portés sur mes livres de 1914 et

425 3209 266 128 1916.

960 3254 1200 141 Mr Berson me doit egalement des

460 3414 320 102 honoraires

934 3500 1248 144 Mr Delahaye (papier)  également.
