2152 3064
500.0 71.0 560.0 138.0 enfants précités.

493.0 176.0 1574.0 122.0 Je désire que le tuteur légal ou subrogé tuteur soit

485.0 275.0 1582.0 102.0 désigné dans la personne de monsieur Georges -

475.0 354.0 1615.0 123.0 Aubertin, habitant 282 Rue Lecourbe à Paris

470.0 454.0 1600.0 107.0 , lequel, en accord avec mes intentions voudra

477.0 546.0 1575.0 120.0 bien s’occuper de toutes les affaires d’intérêts

485.0 633.0 1546.0 148.0 concernante Marie-Louise et Paule Rébuffé

493.0 725.0 424.0 117.0 , mes enfants.

503.0 817.0 1526.0 122.0 Ces dispositions annulent toutes celles faites

477.0 908.0 1611.0 133.0 précédemment et représentent mes dernières volontés.

495.0 1003.0 1562.0 112.0 Fait en double à Rueil le vingt Octobre

498.0 1097.0 1549.0 120.0 mil neuf cent quinze, dont premier acte remis

500.0 1189.0 1572.0 108.0 à la Direction du Pensionnat Jeanne d’Arc

500.0 1279.0 1575.0 117.0 à Chatou (S & O.) et le second à monsieur Georges

485.0 1358.0 1393.0 140.0 Aubertin, 282 Rue Lecourbe à Paris

546.0 1524.0 330.0 133.0 Acte no 1.

1479.0 1532.0 430.0 160.0 E. Rébuffé
