2166 3070
727 99 801 118 Paris ce 7 Mars 1915

742 465 766 105 Ceci est mon testament

642 726 1027 105 Je donne et lègue à Madame

601 805 1206 136 Marthe Elisabeth Morel, ma fiancée

578 908 1314 123 née à Lavilleneuve sous Thury (Oise) le 16 Juin 1874

553 992 1492 141 tout ce que je possède y compris la part qui me

573 1102 1426 123 reviendra de la sucession paternelle et tout ce qui

560 1192 1421 110 pourrait revenir d’héritages familiaux. je l’institue

565 1268 1483 131 ma légataire universelle, à charge par elle de

558 1368 1410 113 remettre à mon frère Gilbert Lucas ma collection d’armes

542 1442 1480 131 de remettre des souvenirs aux membres de ma famille

553 1540 1487 117 et à condition de ne pas se remarier, au cas de

558 1647 1467 100 remariage, ce testament serait nul. Telles sont mes

542 1724 1536 115 dernières volontés.

555 1806 1521 128 Fait sain de corps et d’esprit sans

522 1905 1239 136 aucune contrainte, à Paris ce 7 Mars 1915

517 1990 468 151 Fait en double

711 2092 438 466 André Lucas
