2712 2199
23 128 112 1964 tranquille. Mille tendres baisers, ton fils chéri Leon Aubergé.

97 104 101 1977 pas nous nous reverrons. Je pars la conscience et l’âme

161 122 93 1954 aurevoir près du Dieu Juste et Bon. ne te tourmente

221 117 109 1867 En cas de séparation terrestre je ne te dis pas adieu, mais

295 525 73 543 chère mère

881 113 927 99 Paris le 2 août 1914

1166 238 1124 135 Ceci est mon testament

628 419 1959 134 Je lègue mes petites économies à ma

463 538 2045 141 mère en la priant a son décès de donner

471 659 2129 143 ce qui pourrait lui rester au continuateur

474 784 1590 157 du nom : Maurice Aubergé

630 943 1964 152 J’ai beaucoup économisé pour amassé

434 1026 2120 185 ce petit pécule, je prie Maurice a la mort

396 1169 2213 174 de ma chère Mère de mettre nos cendres

423 1286 1524 185 ensemble a Thiais si possible

782 1440 1651 161 Si je décède a la guerre on

416 1559 2152 150 trouvera chez moi sous le linoleum entre

425 1652 2129 185 la cheminée et la tête de mon lit quelques

429 1784 2061 193 petites valeurs que je conservais près de moi

577 1918 1513 141 Ce testament annule tous les autres

832 1960 1526 198 fait a Paris le 2 aout sain de corps et d’esprit

1916 2008 574 152 Leon Aubergé
