1468 2220
1045.0 46.0 356.0 66.0 Page deuxième

196.0 66.0 235.0 87.0 d’elles

235.0 173.0 1012.0 84.0 La derniere survivante -

177.0 242.0 1168.0 87.0 en cas ou l’une d elles serait

188.0 316.0 1104.0 113.0 decedee devenant heritiere

209.0 407.0 1066.0 116.0 de la totalite de ce que je

212.0 521.0 487.0 108.0 possède.

227.0 590.0 1102.0 151.0 Ce legs a ete fait par moi

201.0 667.0 1085.0 180.0 Paul Stoffel leur fils et frère

205.0 775.0 1120.0 157.0 en reconnaissance des soins et

225.0 878.0 1154.0 148.0 bontes qu’elles m’ont prodigues

235.0 986.0 1103.0 153.0 depuis le debut de la guerre

292 1104 1105 135 Les faibles ressources qui representent

223.0 1202.0 1028.0 128.0 mon avoir aideront un peu

225.0 1270.0 1167.0 163.0 ma pauvre soeur France Stoffel

231.0 1407.0 1103.0 102.0 à vivre lorsqu’elle sera seule

229.0 1492.0 1061.0 111.0 au monde et sans soutien.

303.0 1592.0 996.0 137.0 En for de quoi j’ai redige

240.0 1696.0 1029.0 117.0 ce testament que je remets

251.0 1798.0 1046.0 109.0 a ma mere pour qu elle

285.0 1885.0 1033.0 164.0 le depose dans mes papiers
