2039 3141
435 162 1402 159 Je soussigné Péhu Vincent

414 274 1352 116 Marie Joseph époux de Louise

448 363 1433 113 Augustine Lhuillier, demeurant

424 465 1308 105 avec lui à Paris trente deux

435 547 1153 123 rue du Fer à Moulin

437 641 1494 136 Déclare par le présent institue ma

448 738 1462 112 femme pour légataire universel

437 827 1434 104 et seul héritier en toute propriété et

445 934 582 99 jouissance.

440 1002 1475 118 En conséquence, je lui donne et légue

445 1083 1523 131 l’universalité de biens et droits mobiliers

450 1188 1497 115 immobiliers et valeurs, sans aucunes

448 1290 1473 112 excéptions ni réserves, qui composeront

435 1379 1431 105 ma succession au jour de mon decés,

440 1455 1499 128 pour avoir la jouissance du tout

435 1539 1074 128 à partir de mon déces

461 1628 1171 141 Fait, écrit, daté et signé

445 1745 1090 108 en entier et de ma main

490 1829 1452 139 à Paris le onze août mil neuf

503 1916 561 128 cent quatorze

670 2036 899 186 Péhu Vincent
