<?xml version="1.0" encoding="UTF-8"?>
<alto xmlns:xsi="http://www.w3.org/2001/XMLSchema-instance"
      xmlns="http://www.loc.gov/standards/alto/ns-v4#"
      xsi:schemaLocation="http://www.loc.gov/standards/alto/ns-v4# http://www.loc.gov/standards/alto/v4/alto-4-2.xsd">
  <Description>
    <MeasurementUnit>pixel</MeasurementUnit>
    <sourceImageInformation>
      <fileName>TestamentsDePoilus_will_AD95_0023-0.jpg</fileName>
      
    </sourceImageInformation>
  </Description>
  
  <Tags>
    <OtherTag ID="BT4550" LABEL="StampZone" DESCRIPTION="block type StampZone"/><OtherTag ID="BT4220" LABEL="CustomZone" DESCRIPTION="block type CustomZone"/><OtherTag ID="BT4219" LABEL="HeadingLine:title" DESCRIPTION="block type HeadingLine:title"/><OtherTag ID="BT4218" LABEL="TitlePageZone" DESCRIPTION="block type TitlePageZone"/><OtherTag ID="BT4217" LABEL="MarginTextZone" DESCRIPTION="block type MarginTextZone"/><OtherTag ID="BT4216" LABEL="NumberingZone" DESCRIPTION="block type NumberingZone"/><OtherTag ID="BT4215" LABEL="MainZone" DESCRIPTION="block type MainZone"/>
    <OtherTag ID="LT1385" LABEL="HeadingLine:rubric" DESCRIPTION="line type HeadingLine:rubric"/><OtherTag ID="LT1384" LABEL="HeadingLine:title" DESCRIPTION="line type HeadingLine:title"/><OtherTag ID="LT1383" LABEL="HeadingLine" DESCRIPTION="line type HeadingLine"/><OtherTag ID="LT1382" LABEL="DropCapitalLine" DESCRIPTION="line type DropCapitalLine"/><OtherTag ID="LT1381" LABEL="DefaultLine" DESCRIPTION="line type DefaultLine"/>
  </Tags>
  
  <Layout>
    <Page WIDTH="2238"
          HEIGHT="3086"
          PHYSICAL_IMG_NR="95"
          ID="eSc_dummypage_">
      <PrintSpace HPOS="0"
                  VPOS="0"
                  WIDTH="2238"
                  HEIGHT="3086">
        
        <TextBlock HPOS="508"
                   VPOS="174"
                   WIDTH="1627"
                   HEIGHT="2075"
                   ID="block_1"
                   TAGREFS="BT4215">
          <Shape><Polygon POINTS="524 298 689 246 1620 236 2135 174 2135 2167 2076 2249 1198 2249 1198 2222 1171 2222 1171 2191 855 2191 926 2178 872 2095 668 1998 668 1911 588 1911 565 1820 607 1810 565 1807 555 1388 514 1365 545 1139 524 524 508 479 508 340"/></Shape>
          
          
          <TextLine ID="line_1"
                    
                    BASELINE="612 331 1124 336 2045 316" 
                    HPOS="607.0"
                    VPOS="231.0"
                    WIDTH="1438.0"
                    HEIGHT="136.0">
            <Shape><Polygon POINTS="612 331 607 277 653 270 653 270 655 270 655 270 655 270 658 270 658 270 658 270 661 270 661 270 668 275 686 293 743 293 764 275 771 267 771 267 774 267 774 267 774 267 776 267 776 267 776 267 779 267 779 267 782 267 782 267 782 267 797 275 820 288 931 293 1193 277 1196 277 1196 277 1198 277 1239 288 1265 272 1317 239 1319 239 1319 239 1319 239 1322 239 1322 239 1322 239 1522 236 1525 236 1525 236 1528 236 1528 236 1528 236 1530 236 1530 236 1530 239 1564 272 1574 282 1654 282 1692 282 1710 270 1762 234 1764 234 1764 234 1764 234 1767 234 1767 234 1767 234 1831 231 1834 231 1906 231 1906 231 1906 231 1908 231 1908 231 1908 231 1911 231 1911 231 1911 234 1947 270 1952 272 2037 270 2045 316 2042 324 1885 326 1880 329 1865 342 1862 342 1862 342 1862 342 1859 342 1859 342 1859 342 1857 342 1728 334 1661 331 1625 336 1548 352 1548 352 1546 352 1546 352 1546 352 1543 352 1543 352 1517 342 1499 334 1481 342 1450 354 1450 354 1448 354 1448 354 1448 354 1309 357 1309 360 1134 360 1131 357 1131 357 1129 357 1129 357 1129 357 1126 357 1121 352 1108 344 1057 354 1028 360 1028 360 1028 360 1026 360 1026 360 1023 360 1010 357 974 344 962 357 956 360 956 362 956 362 954 362 954 362 951 362 951 362 951 362 949 362 949 362 949 362 946 362 933 360 890 344 789 344 766 362 766 365 766 365 766 365 764 365 764 365 761 365 761 365 761 365 758 365 758 365 756 365 751 365 691 349 612 367"/></Shape>
	    <String CONTENT="Je soussigne Fernand Henri Horem"
                    HPOS="607.0"
                    VPOS="231.0"
                    WIDTH="1438.0"
                    HEIGHT="136.0"></String>
          </TextLine>

          
          
          <TextLine ID="line_2"
                    
                    BASELINE="607 408 2101 406" 
                    HPOS="599.0"
                    VPOS="336.0"
                    WIDTH="1502.0"
                    HEIGHT="93.0">
            <Shape><Polygon POINTS="607 408 599 365 673 336 673 336 676 336 676 336 679 336 679 336 679 336 681 336 681 336 681 336 727 362 761 362 787 339 787 336 787 336 789 336 789 336 792 336 792 336 792 336 794 336 794 336 794 336 797 336 833 349 846 339 846 336 846 336 848 336 848 336 848 336 851 336 851 336 854 336 1044 339 1044 339 1044 339 1046 339 1046 339 1046 339 1049 339 1049 339 1075 362 1111 362 1134 339 1134 336 1134 336 1137 336 1137 336 1137 336 1139 336 1139 336 1142 336 1206 336 1206 336 1206 336 1209 336 1209 336 1209 336 1211 336 1242 360 1281 347 1283 347 1283 347 1283 347 1286 347 1286 347 1288 347 1288 347 1324 360 1350 336 1350 336 1353 336 1353 336 1353 336 1355 336 1355 336 1358 336 1358 336 1358 336 1466 362 1571 362 1600 342 1602 342 1602 342 1602 342 1605 342 1605 342 1607 342 1607 342 1769 360 1792 339 1792 336 1792 336 1795 336 1795 336 1795 336 1798 336 1798 336 1800 336 1872 336 1872 336 1872 336 1875 336 1875 336 1875 336 1921 362 2096 362 2101 406 2099 426 607 429"/></Shape>
	    <String CONTENT="Marchand de vins demeurant a Asnieres-"
                    HPOS="599.0"
                    VPOS="336.0"
                    WIDTH="1502.0"
                    HEIGHT="93.0"></String>
          </TextLine>

          
          
          <TextLine ID="line_3"
                    
                    BASELINE="581 480 2114 491" 
                    HPOS="578.0"
                    VPOS="408.0"
                    WIDTH="1536.0"
                    HEIGHT="111.0">
            <Shape><Polygon POINTS="581 480 581 408 655 411 655 411 655 411 658 411 658 411 658 411 661 411 704 442 748 442 784 411 784 411 784 411 787 411 787 411 787 411 789 411 789 411 792 411 887 411 887 411 887 411 890 411 890 411 890 411 892 411 892 411 895 414 931 442 962 442 987 416 990 416 990 414 990 414 992 414 992 414 992 414 995 414 995 414 998 414 1064 414 1064 414 1064 414 1067 414 1067 414 1067 414 1070 414 1070 414 1070 416 1075 419 1100 444 1198 444 1255 424 1283 414 1286 414 1286 414 1286 414 1288 414 1288 414 1288 414 1291 414 1291 414 1319 424 1335 432 1350 426 1373 416 1373 416 1376 416 1376 416 1376 416 1378 416 1378 416 1381 416 1381 416 1381 416 1383 416 1383 416 1396 426 1414 442 1466 429 1484 424 1486 424 1486 424 1489 424 1489 424 1489 424 1492 424 1492 424 1492 424 1502 429 1533 447 1648 447 1666 432 1690 416 1692 416 1692 416 1692 416 1695 416 1695 416 1695 416 1697 416 1862 432 1862 432 1865 432 1865 432 1865 432 1867 432 1875 437 1890 447 1919 439 1944 432 1947 432 1947 432 1949 432 1949 432 1949 432 1952 432 1952 432 1952 432 1967 439 1983 447 2111 444 2114 491 2114 496 2063 519 2063 519 2060 519 2060 519 2060 519 2057 519 2057 519 1947 498 1947 498 1944 498 1877 511 1877 511 1877 511 1875 511 1875 511 1875 511 1872 511 1836 498 1836 498 1836 498 1821 511 1821 514 1821 514 1818 514 1818 514 1818 514 1816 514 1816 514 1816 516 1391 516 1389 514 1389 514 1386 514 1386 514 1386 514 1365 504 1360 501 1355 504 1332 511 1332 511 1329 511 1329 511 1327 511 1327 511 1327 511 1324 511 1324 511 1322 511 1322 511 1322 509 1314 504 1301 493 1129 506 995 514 992 514 992 514 992 514 990 514 990 514 987 514 977 506 949 491 578 509"/></Shape>
	    <String CONTENT="sur-Oise (Seine et Oise) Institue pour"
                    HPOS="578.0"
                    VPOS="408.0"
                    WIDTH="1536.0"
                    HEIGHT="111.0"></String>
          </TextLine>

          
          
          <TextLine ID="line_4"
                    
                    BASELINE="547 545 1589 568 2129 560" 
                    HPOS="545.0"
                    VPOS="480.0"
                    WIDTH="1584.0"
                    HEIGHT="124.0">
            <Shape><Polygon POINTS="547 545 550 480 604 506 792 506 823 483 823 483 823 483 825 483 825 483 825 483 828 483 828 483 830 483 884 483 884 483 884 483 887 483 887 483 890 483 890 486 933 509 1041 486 1049 486 1049 486 1049 486 1052 486 1052 486 1054 486 1054 486 1054 486 1057 486 1057 486 1057 486 1057 488 1059 488 1070 501 1100 488 1100 488 1103 488 1103 488 1103 488 1106 488 1106 488 1106 488 1106 488 1108 488 1108 488 1108 488 1111 488 1147 514 1306 514 1365 493 1365 493 1368 493 1368 493 1371 493 1371 493 1371 493 1373 493 1373 493 1373 493 1376 493 1376 493 1394 509 1461 493 1461 493 1461 493 1463 493 1463 493 1463 493 1466 493 1466 493 1468 493 1468 493 1494 514 1594 519 1764 496 1769 496 1769 496 1772 496 1772 496 1772 496 1774 496 1774 496 1774 496 1777 496 1777 496 1810 522 1875 498 1875 498 1877 498 1877 498 1880 498 1880 498 1880 498 1883 498 1883 498 1883 498 1929 524 2011 524 2057 501 2057 501 2057 501 2060 501 2060 501 2063 501 2127 501 2129 560 2127 576 1777 604 1774 604 1774 604 1774 604 1772 604 1772 604 1772 604 1769 604 1769 604 1754 591 1636 601 1636 601 1633 601 1633 601 1630 601 1630 601 1630 601 1628 601 1628 601 1602 581 1600 581 1597 581 1512 588 1512 588 1510 588 1510 588 1507 588 1479 581 1443 570 1427 581 1407 596 1404 596 1404 596 1404 596 1401 596 1401 596 1401 596 1399 596 1399 596 1399 596 1396 596 1396 596 1394 596 1371 581 1355 573 1283 583 1250 586 1250 586 1247 586 1247 586 1247 586 1245 586 1245 586 1245 586 1242 586 1239 583 1211 565 1139 565 1116 583 1116 583 1113 583 1113 583 1113 583 1113 583 1111 583 1111 583 1111 583 1108 583 1108 583 1106 583 1106 583 1106 583 1106 583 1062 563 913 563 884 586 882 588 882 588 879 588 879 588 879 588 877 588 877 588 877 591 836 591 833 588 833 588 830 588 830 588 830 588 828 588 828 588 828 586 825 586 797 560 746 570 746 570 746 570 743 570 743 570 740 570 740 570 702 558 545 586"/></Shape>
	    <String CONTENT="ma légataire universelle en pleine propriétée"
                    HPOS="545.0"
                    VPOS="480.0"
                    WIDTH="1584.0"
                    HEIGHT="124.0"></String>
          </TextLine>

          
          
          <TextLine ID="line_5"
                    
                    BASELINE="522 653 2137 637" 
                    HPOS="514.0"
                    VPOS="563.0"
                    WIDTH="1623.0"
                    HEIGHT="115.0">
            <Shape><Polygon POINTS="522 653 514 609 599 573 599 573 601 573 601 573 601 573 604 573 604 573 815 606 825 606 828 606 902 570 902 570 902 570 905 570 905 570 908 570 908 570 908 570 910 570 910 570 910 570 913 570 962 604 967 609 1046 609 1057 604 1147 568 1147 568 1149 568 1149 568 1149 568 1324 565 1327 565 1327 565 1329 565 1329 565 1329 565 1332 565 1332 565 1371 599 1409 568 1409 565 1412 565 1412 565 1412 565 1414 565 1414 565 1417 565 1479 565 1479 565 1479 565 1481 565 1481 565 1481 565 1484 565 1484 565 1528 599 1533 604 1556 604 1558 599 1592 565 1592 563 1592 563 1592 563 1594 563 1594 563 1597 563 1597 563 1597 563 1600 563 1600 563 1602 563 1602 563 1602 563 1605 563 1659 596 1661 599 1980 599 1985 594 1998 581 1998 581 1998 581 2001 581 2001 581 2003 581 2003 581 2003 581 2006 581 2006 581 2009 581 2009 581 2045 594 2055 596 2129 594 2137 637 2135 658 1991 653 1980 660 1975 666 1975 666 1973 666 1973 666 1973 666 1970 666 1970 666 1970 666 1967 666 1967 666 1965 666 1965 666 1952 660 1929 653 1805 663 1741 668 1738 668 1738 668 1700 666 1612 655 1602 666 1600 666 1600 668 1600 668 1597 668 1597 668 1597 668 1594 668 1594 668 1594 668 1414 671 1412 671 1412 671 1396 668 1345 658 1332 668 1332 668 1332 671 1332 671 1329 671 1329 671 1329 671 1327 671 1327 671 1327 671 1324 671 1301 671 1183 660 1113 673 1100 673 1100 673 1098 673 1098 673 1098 673 1095 673 1095 673 1093 673 1062 660 1039 673 1036 676 1034 676 1034 676 1031 676 1031 676 1031 676 1028 676 987 673 830 663 522 678"/></Shape>
	    <String CONTENT="Madame Louise Berthe Girard mon épouse"
                    HPOS="514.0"
                    VPOS="563.0"
                    WIDTH="1623.0"
                    HEIGHT="115.0"></String>
          </TextLine>

          
          
          <TextLine ID="line_6"
                    
                    BASELINE="542 758 2127 766" 
                    HPOS="537.0"
                    VPOS="696.0"
                    WIDTH="1590.0"
                    HEIGHT="88.0">
            <Shape><Polygon POINTS="542 758 537 714 573 696 573 696 573 696 576 696 576 696 578 696 578 696 578 696 581 696 581 696 583 696 612 714 614 714 627 714 941 696 944 696 944 696 944 696 946 696 946 696 949 696 974 714 1072 717 1126 717 1131 717 1193 699 1196 699 1196 699 1196 699 1198 699 1198 699 1319 717 1322 717 1322 717 1365 699 1365 699 1368 699 1368 699 1368 699 1371 699 1371 699 1371 699 1373 699 1373 699 1376 699 1376 699 1376 702 1396 717 1396 717 1399 717 1592 704 1594 704 1594 704 1594 704 1597 704 1597 704 1597 704 1600 704 1600 704 1600 707 1602 707 1612 720 1612 722 1859 722 1865 720 1975 702 1975 702 1978 702 1978 702 1978 702 1980 702 1980 702 1980 702 2019 720 2019 722 2124 722 2127 766 2124 771 1754 784 1751 784 540 766"/></Shape>
	    <String CONTENT="demeurant avec moi a asnieres sur Oise"
                    HPOS="537.0"
                    VPOS="696.0"
                    WIDTH="1590.0"
                    HEIGHT="88.0"></String>
          </TextLine>

          
          
          <TextLine ID="line_7"
                    
                    BASELINE="553 853 959 848 1787 864" 
                    HPOS="550.0"
                    VPOS="768.0"
                    WIDTH="1237.0"
                    HEIGHT="116.0">
            <Shape><Polygon POINTS="553 853 550 797 730 797 730 797 761 779 764 779 764 779 766 779 766 779 766 779 769 779 769 779 771 779 820 792 843 771 843 768 843 768 846 768 846 768 846 768 848 768 848 768 851 768 892 768 892 768 892 768 895 768 895 768 895 768 962 802 964 802 1031 802 1034 802 1090 771 1090 771 1090 771 1093 771 1093 771 1093 771 1095 771 1095 771 1098 771 1098 771 1098 771 1100 771 1100 771 1100 774 1116 786 1252 774 1252 774 1255 774 1255 774 1257 774 1257 774 1257 774 1314 804 1371 774 1371 774 1371 774 1373 774 1373 774 1373 774 1376 774 1376 774 1378 774 1378 774 1453 804 1484 776 1484 776 1486 776 1486 776 1486 776 1489 776 1489 776 1489 776 1492 776 1492 776 1492 776 1494 776 1494 776 1497 776 1548 807 1690 779 1690 779 1690 779 1692 779 1692 779 1695 779 1695 779 1787 812 1787 864 1787 866 1736 884 1733 884 1733 884 1733 884 1731 884 1538 869 1512 866 1497 869 1414 882 1414 882 1412 882 1412 882 1412 882 1409 882 1409 882 1409 882 1407 882 1386 869 1383 866 1378 869 1342 879 1340 879 1340 879 1340 879 1337 879 1337 879 1275 869 1247 864 1239 869 1229 876 1227 876 1227 876 1227 876 1224 876 1224 876 1221 876 1221 876 1221 876 1219 876 1193 869 1175 861 1167 869 1160 874 1160 876 1160 876 1157 876 1157 876 1157 876 1155 876 1155 876 1155 879 990 879 987 876 987 876 985 876 985 876 985 876 982 876 982 876 974 869 959 858 550 869"/></Shape>
	    <String CONTENT="seine et Oise Rue de la Boucherie"
                    HPOS="550.0"
                    VPOS="768.0"
                    WIDTH="1237.0"
                    HEIGHT="116.0"></String>
          </TextLine>

          
          
          <TextLine ID="line_8"
                    
                    BASELINE="560 943 1054 936 2042 943" 
                    HPOS="550.0"
                    VPOS="866.0"
                    WIDTH="1492.0"
                    HEIGHT="82.0">
            <Shape><Polygon POINTS="560 943 550 894 599 866 601 866 601 866 604 866 604 866 604 866 607 866 607 866 609 866 609 866 609 866 663 894 782 894 807 869 807 866 807 866 810 866 810 866 810 866 812 866 812 866 815 866 1031 866 1031 866 1031 866 1034 866 1119 894 1167 894 1198 869 1198 869 1201 869 1201 869 1201 869 1203 869 1203 869 1206 869 1206 869 1206 869 1209 869 1209 869 1211 869 1211 869 1211 871 1239 894 1239 897 1414 897 1414 894 1458 869 1461 869 1461 869 1461 869 1463 869 1463 869 1466 869 1533 869 1533 869 1533 869 1535 869 1535 869 1576 889 1774 894 1831 869 1831 869 1831 869 1834 869 1834 869 1836 869 1985 874 1985 874 1985 874 1988 874 1988 874 2042 897 2042 943 2037 948 555 946"/></Shape>
	    <String CONTENT="En cas d’existence a mon décès d’enfants"
                    HPOS="550.0"
                    VPOS="866.0"
                    WIDTH="1492.0"
                    HEIGHT="82.0"></String>
          </TextLine>

          
          
          <TextLine ID="line_9"
                    
                    BASELINE="573 1026 1939 1020" 
                    HPOS="568.0"
                    VPOS="948.0"
                    WIDTH="1371.0"
                    HEIGHT="106.0">
            <Shape><Polygon POINTS="573 1026 568 954 761 951 764 951 764 951 766 951 766 951 766 951 769 951 769 951 771 954 807 984 913 984 967 956 980 951 980 951 980 951 982 951 982 951 985 951 1124 954 1124 954 1124 954 1126 954 1126 954 1126 954 1129 954 1137 959 1167 979 1237 982 1473 982 1502 966 1502 966 1502 966 1504 966 1504 966 1504 966 1507 966 1507 966 1507 966 1566 979 1610 964 1646 951 1646 951 1648 951 1648 951 1651 951 1651 951 1651 951 1654 951 1654 951 1656 951 1677 964 1682 969 1687 964 1705 948 1705 948 1708 948 1708 948 1708 948 1710 948 1710 948 1713 948 1713 948 1713 948 1715 948 1715 948 1759 966 1792 979 1931 969 1939 1020 1937 1036 1857 1049 1857 1049 1854 1049 1854 1049 1854 1049 1800 1038 1762 1031 1749 1038 1736 1049 1733 1049 1733 1049 1733 1049 1731 1049 1731 1049 1731 1049 1654 1051 1651 1051 1651 1051 1648 1051 1605 1041 1571 1031 1561 1041 1551 1049 1551 1051 1551 1051 1548 1051 1548 1051 1548 1051 1546 1051 1546 1051 1546 1051 1543 1051 1543 1051 1540 1051 1499 1041 1468 1033 1455 1041 1440 1051 1437 1051 1437 1051 1437 1051 1435 1051 1435 1051 1432 1051 1432 1051 1432 1051 1389 1041 1378 1041 1350 1044 1214 1054 1214 1054 1211 1054 1211 1054 1152 1044 1088 1033 1031 1046 1023 1046 1023 1046 1023 1046 1021 1046 1021 1046 1018 1046 1018 1046 1018 1046 1016 1046 1016 1046 1016 1046 998 1033 596 1033 578 1049"/></Shape>
	    <String CONTENT="issus de notre mariage ce legs ne"
                    HPOS="568.0"
                    VPOS="948.0"
                    WIDTH="1371.0"
                    HEIGHT="106.0"></String>
          </TextLine>

          
          
          <TextLine ID="line_10"
                    
                    BASELINE="565 1085 1026 1085 1281 1100 2099 1090" 
                    HPOS="558.0"
                    VPOS="1023.0"
                    WIDTH="1541.0"
                    HEIGHT="93.0">
            <Shape><Polygon POINTS="565 1085 558 1054 645 1028 648 1028 648 1028 648 1028 650 1028 650 1028 653 1028 653 1028 689 1041 733 1028 735 1028 735 1028 735 1028 738 1028 738 1028 740 1028 740 1028 740 1028 743 1028 743 1028 764 1044 784 1028 784 1028 787 1028 787 1028 789 1028 789 1028 792 1028 874 1028 874 1028 874 1028 877 1028 877 1028 877 1028 920 1049 928 1054 967 1054 972 1049 992 1031 992 1028 992 1028 995 1028 995 1028 995 1028 998 1028 998 1028 1000 1028 1000 1028 1000 1028 1003 1028 1054 1044 1075 1028 1077 1028 1077 1028 1077 1028 1080 1028 1080 1028 1080 1028 1082 1028 1082 1028 1085 1028 1085 1028 1085 1028 1088 1028 1088 1028 1111 1046 1116 1051 1152 1051 1157 1046 1180 1026 1180 1026 1183 1026 1183 1026 1183 1026 1185 1026 1185 1026 1185 1026 1188 1026 1188 1026 1191 1026 1191 1026 1191 1026 1193 1026 1224 1046 1232 1051 1373 1051 1381 1044 1391 1033 1391 1031 1391 1031 1394 1031 1394 1031 1394 1031 1396 1031 1396 1031 1471 1026 1473 1026 1473 1026 1473 1026 1476 1026 1476 1026 1476 1026 1507 1041 1522 1051 1579 1051 1587 1041 1597 1033 1597 1031 1597 1031 1600 1031 1600 1031 1600 1031 1602 1031 1602 1031 1605 1031 1605 1031 1605 1031 1607 1031 1607 1031 1607 1031 1610 1031 1610 1031 1610 1033 1618 1041 1628 1049 1690 1049 1697 1038 1713 1026 1713 1023 1713 1023 1715 1023 1715 1023 1715 1023 1718 1023 1718 1023 1720 1023 1720 1023 1720 1023 1723 1023 1769 1038 1787 1044 1821 1038 1901 1023 1901 1023 1901 1023 1903 1023 2093 1036 2099 1090 2096 1095 1808 1110 1805 1110 1805 1110 1805 1110 1803 1110 1803 1110 1803 1110 1800 1110 1800 1110 1800 1108 1790 1098 1785 1095 1751 1098 1633 1113 1633 1116 1160 1116 1157 1113 1157 1113 1155 1113 1155 1113 1155 1113 1152 1113 1152 1113 1142 1103 1134 1098 776 1098 771 1105 761 1113 761 1116 761 1116 758 1116 758 1116 758 1116 756 1116 756 1116 753 1116 753 1116 753 1116 751 1116 751 1116 748 1116 733 1105 722 1100 565 1105"/></Shape>
	    <String CONTENT="comprendra que l’usurfruit de la totalité"
                    HPOS="558.0"
                    VPOS="1023.0"
                    WIDTH="1541.0"
                    HEIGHT="93.0"></String>
          </TextLine>

          
          
          <TextLine ID="line_11"
                    
                    BASELINE="555 1164 841 1159 1558 1175 2078 1162" 
                    HPOS="545.0"
                    VPOS="1092.0"
                    WIDTH="1533.0"
                    HEIGHT="98.0">
            <Shape><Polygon POINTS="555 1164 545 1123 596 1092 599 1092 599 1092 599 1092 601 1092 601 1092 604 1092 604 1092 604 1092 607 1092 689 1118 717 1092 717 1092 720 1092 720 1092 720 1092 722 1092 722 1092 725 1092 812 1092 812 1092 812 1092 815 1092 815 1092 815 1092 818 1092 818 1092 818 1095 830 1105 913 1092 913 1092 915 1092 915 1092 915 1092 918 1092 918 1092 920 1092 920 1092 920 1095 941 1113 951 1105 951 1103 951 1103 954 1103 954 1103 954 1103 956 1103 956 1103 959 1103 959 1103 959 1103 962 1103 962 1103 962 1103 964 1103 964 1103 974 1113 995 1095 995 1092 995 1092 998 1092 998 1092 998 1092 1000 1092 1000 1092 1003 1092 1157 1092 1157 1092 1157 1092 1239 1110 1317 1128 1360 1128 1381 1108 1381 1108 1381 1105 1381 1105 1383 1105 1383 1105 1383 1105 1386 1105 1386 1105 1389 1105 1389 1105 1389 1105 1391 1105 1391 1105 1394 1105 1394 1105 1394 1108 1394 1108 1417 1128 1677 1128 1718 1100 1720 1098 1723 1098 1723 1098 1723 1098 1726 1098 1726 1098 1728 1098 1728 1098 1756 1100 1965 1126 2001 1095 2001 1095 2003 1095 2003 1095 2003 1095 2003 1095 2006 1095 2006 1095 2009 1095 2073 1095 2078 1162 2075 1182 1080 1190 1077 1190 1077 1190 1075 1190 1075 1190 1075 1190 1072 1190 1070 1188 1046 1172 977 1188 959 1190 959 1190 959 1190 956 1190 956 1190 956 1190 954 1190 954 1190 951 1190 951 1190 951 1188 949 1188 933 1172 908 1185 908 1185 905 1185 905 1185 905 1185 902 1185 902 1185 818 1172 800 1185 800 1185 797 1185 797 1185 797 1185 794 1185 794 1185 792 1185 792 1185 653 1172 553 1188"/></Shape>
	    <String CONTENT="des biens dépendant de ma succession. Si"
                    HPOS="545.0"
                    VPOS="1092.0"
                    WIDTH="1533.0"
                    HEIGHT="98.0"></String>
          </TextLine>

          
          
          <TextLine ID="line_12"
                    
                    BASELINE="560 1242 972 1252 1337 1275 2093 1254" 
                    HPOS="550.0"
                    VPOS="1177.0"
                    WIDTH="1543.0"
                    HEIGHT="113.0">
            <Shape><Polygon POINTS="560 1242 550 1206 581 1180 581 1180 583 1180 583 1180 583 1180 586 1180 586 1180 586 1180 589 1180 589 1180 725 1203 756 1180 756 1180 758 1180 758 1180 758 1180 761 1180 761 1180 764 1180 764 1180 764 1180 766 1180 766 1180 818 1203 923 1180 923 1180 923 1180 926 1180 926 1180 928 1180 928 1180 928 1180 977 1203 987 1208 998 1203 1031 1180 1034 1180 1034 1180 1034 1180 1036 1180 1036 1180 1039 1180 1039 1180 1039 1180 1041 1180 1041 1180 1041 1180 1080 1200 1095 1211 1260 1211 1283 1200 1340 1177 1340 1177 1342 1177 1342 1177 1345 1177 1345 1177 1345 1177 1425 1195 1450 1177 1453 1177 1453 1177 1453 1177 1455 1177 1455 1177 1458 1177 1458 1177 1458 1177 1461 1177 1502 1190 1579 1177 1579 1177 1579 1177 1582 1177 1582 1177 1584 1177 1584 1177 1625 1193 1661 1177 1661 1177 1664 1177 1664 1177 1664 1177 1666 1177 1666 1177 1669 1177 1669 1177 1669 1177 1672 1177 1672 1177 1692 1195 1708 1208 1774 1208 1787 1195 1795 1188 1795 1185 1795 1185 1798 1185 1798 1185 1798 1185 1800 1185 1800 1185 1803 1185 1803 1185 1803 1185 1805 1185 1834 1193 1849 1177 1849 1177 1852 1177 1852 1177 1852 1177 1854 1177 1854 1177 1854 1177 1857 1177 1857 1177 1859 1177 1859 1177 1859 1177 1862 1177 1885 1193 1908 1208 1993 1208 2016 1193 2029 1182 2032 1182 2032 1182 2032 1182 2034 1182 2034 1182 2037 1182 2037 1182 2037 1182 2088 1193 2093 1254 2091 1265 1872 1270 1839 1288 1839 1288 1836 1288 1836 1288 1836 1288 1834 1288 1625 1275 1600 1288 1600 1288 1600 1288 1597 1288 1597 1288 1597 1288 1273 1290 1270 1290 1270 1290 1270 1290 1188 1272 1119 1290 1116 1290 1116 1290 1113 1290 1113 1290 1113 1290 992 1265 980 1262 977 1265 959 1278 956 1278 956 1278 956 1278 954 1278 954 1278 954 1280 951 1278 951 1278 949 1278 949 1278 949 1278 946 1278 928 1265 923 1262 560 1262"/></Shape>
	    <String CONTENT="la reduction de ce legs était demandé il"
                    HPOS="550.0"
                    VPOS="1177.0"
                    WIDTH="1543.0"
                    HEIGHT="113.0"></String>
          </TextLine>

          
          
          <TextLine ID="line_13"
                    
                    BASELINE="565 1329 1175 1352 2140 1344" 
                    HPOS="560.0"
                    VPOS="1275.0"
                    WIDTH="1580.0"
                    HEIGHT="93.0">
            <Shape><Polygon POINTS="565 1329 560 1296 607 1275 607 1275 609 1275 609 1275 609 1275 612 1275 612 1275 614 1275 679 1293 694 1298 702 1293 733 1278 733 1278 733 1278 735 1278 735 1278 735 1278 738 1278 738 1278 740 1278 797 1293 802 1293 805 1293 877 1278 877 1278 877 1278 879 1278 967 1280 967 1280 967 1280 969 1280 969 1280 972 1280 972 1280 985 1290 1003 1306 1291 1306 1311 1293 1314 1293 1314 1293 1314 1293 1317 1293 1317 1293 1319 1293 1319 1293 1319 1293 1381 1306 1412 1293 1412 1293 1414 1293 1414 1293 1414 1293 1417 1293 1417 1293 1419 1293 1419 1293 1419 1293 1422 1293 1443 1308 1692 1308 1759 1285 1759 1285 1759 1285 1762 1285 1762 1285 1764 1285 1764 1285 1767 1285 1901 1303 1929 1283 1929 1283 1929 1283 1931 1283 1931 1283 1931 1283 1934 1283 1934 1283 1937 1283 2137 1283 2140 1344 2132 1368 2096 1355 1584 1360 1139 1365 1137 1365 563 1344"/></Shape>
	    <String CONTENT="serait réduit mais pour ce cas seulement"
                    HPOS="560.0"
                    VPOS="1275.0"
                    WIDTH="1580.0"
                    HEIGHT="93.0"></String>
          </TextLine>

          
          
          <TextLine ID="line_14"
                    
                    BASELINE="571 1409 1733 1414 2129 1401" 
                    HPOS="571.0"
                    VPOS="1342.0"
                    WIDTH="1558.0"
                    HEIGHT="92.0">
            <Shape><Polygon POINTS="571 1409 573 1344 617 1365 666 1344 676 1342 676 1342 679 1342 679 1342 681 1342 681 1342 681 1342 684 1342 684 1342 694 1347 738 1365 818 1347 846 1342 846 1342 846 1342 848 1342 848 1342 848 1342 851 1342 851 1342 864 1347 902 1368 944 1368 962 1350 969 1344 969 1342 969 1342 972 1342 972 1342 974 1342 974 1342 974 1342 977 1342 977 1342 1034 1350 1080 1357 1103 1352 1124 1344 1126 1344 1126 1344 1126 1344 1129 1344 1129 1344 1131 1344 1131 1344 1131 1344 1144 1352 1173 1368 1283 1368 1329 1355 1376 1342 1378 1342 1378 1342 1381 1342 1437 1342 1437 1342 1437 1342 1440 1342 1440 1342 1440 1342 1443 1342 1443 1342 1443 1344 1455 1355 1466 1365 1497 1357 1530 1347 1533 1347 1533 1347 1535 1347 1535 1347 1643 1357 1713 1365 1720 1360 1736 1344 1736 1342 1736 1342 1738 1342 1738 1342 1738 1342 1741 1342 1741 1342 1744 1342 1816 1342 1816 1342 1816 1342 1818 1342 1818 1342 1818 1342 1821 1342 1821 1342 1844 1360 1852 1368 1931 1368 1939 1362 1965 1342 1965 1342 1967 1342 1967 1342 1970 1342 1970 1342 1970 1342 1973 1342 2109 1347 2109 1347 2109 1347 2111 1347 2111 1347 2111 1347 2114 1347 2114 1347 2114 1350 2129 1365 2129 1401 2127 1422 1432 1434 1430 1434 1430 1434 1427 1434 1427 1434 1427 1434 1425 1434 1404 1422 1399 1419 1360 1422 1119 1434 1116 1434 1116 1434 1031 1422 980 1434 977 1434 977 1434 974 1434 974 1434 974 1434 972 1434 972 1434 933 1419 926 1416 915 1419 854 1434 851 1434 851 1434 848 1434 848 1434 848 1434 846 1434 800 1419 789 1416 571 1416"/></Shape>
	    <String CONTENT="a la plus forte quotité disponible entre"
                    HPOS="571.0"
                    VPOS="1342.0"
                    WIDTH="1558.0"
                    HEIGHT="92.0"></String>
          </TextLine>

          
          
          <TextLine ID="line_15"
                    
                    BASELINE="565 1476 2140 1494" 
                    HPOS="560.0"
                    VPOS="1411.0"
                    WIDTH="1585.0"
                    HEIGHT="108.0">
            <Shape><Polygon POINTS="565 1476 563 1432 787 1411 789 1411 895 1414 895 1414 895 1414 897 1414 897 1414 944 1437 946 1437 998 1437 1036 1437 1064 1416 1067 1416 1067 1416 1067 1416 1070 1416 1070 1416 1072 1416 1072 1416 1072 1416 1193 1440 1196 1440 1196 1440 1224 1416 1224 1416 1227 1416 1227 1416 1227 1416 1229 1416 1229 1416 1232 1416 1232 1416 1232 1416 1234 1416 1234 1416 1234 1416 1237 1416 1237 1416 1237 1419 1260 1440 1263 1442 1270 1442 1340 1429 1340 1429 1342 1429 1342 1429 1342 1429 1401 1442 1401 1442 1401 1442 1461 1419 1461 1419 1463 1419 1463 1419 1463 1419 1466 1419 1466 1419 1468 1419 1468 1419 1468 1419 1471 1419 1512 1445 1515 1447 1561 1447 1564 1445 1597 1422 1600 1422 1600 1422 1600 1422 1602 1422 1602 1422 1605 1422 1654 1422 1654 1422 1654 1422 1656 1422 1656 1422 1656 1422 1659 1422 1697 1447 1697 1447 1705 1447 1810 1434 1810 1434 1813 1434 2009 1450 2052 1427 2052 1427 2052 1427 2055 1427 2055 1427 2057 1427 2109 1427 2109 1427 2109 1427 2111 1427 2111 1427 2111 1427 2114 1427 2114 1427 2145 1452 2140 1494 2137 1517 1908 1519 1906 1519 1906 1519 1903 1519 1903 1519 1903 1519 1901 1519 1901 1519 1901 1517 1898 1517 1875 1496 1767 1514 1749 1517 1749 1517 1746 1517 1746 1517 1746 1517 1744 1517 1744 1517 1744 1517 1741 1517 1738 1514 1710 1494 1641 1494 1471 1509 1471 1509 1468 1509 1468 1509 1466 1509 1404 1491 1353 1504 1350 1504 1350 1504 1347 1504 1347 1504 1234 1488 1191 1509 1188 1512 1188 1512 1188 1512 1185 1512 1185 1512 1185 1514 1119 1514 1116 1512 1116 1512 1113 1512 1113 1512 1113 1512 1111 1512 1111 1512 1111 1509 1111 1509 1088 1488 913 1488 872 1506 869 1509 869 1509 869 1509 866 1509 866 1509 866 1512 792 1512 789 1509 789 1509 774 1506 668 1486 622 1506 619 1506 619 1506 617 1506 617 1506 617 1506 614 1506 560 1504"/></Shape>
	    <String CONTENT="epoux permise par la loi avec faculté,"
                    HPOS="560.0"
                    VPOS="1411.0"
                    WIDTH="1585.0"
                    HEIGHT="108.0"></String>
          </TextLine>

          
          
          <TextLine ID="line_16"
                    
                    BASELINE="555 1566 1551 1540 2083 1548" 
                    HPOS="545.0"
                    VPOS="1483.0"
                    WIDTH="1538.0"
                    HEIGHT="106.0">
            <Shape><Polygon POINTS="555 1566 545 1524 612 1501 614 1501 614 1501 614 1501 617 1501 617 1501 619 1501 619 1501 676 1522 679 1522 802 1519 926 1517 951 1496 951 1496 954 1496 954 1496 956 1496 956 1496 956 1496 959 1496 959 1496 962 1496 962 1496 962 1496 964 1496 990 1514 1036 1494 1036 1494 1039 1494 1039 1494 1039 1494 1041 1494 1041 1494 1147 1514 1155 1514 1155 1514 1183 1491 1183 1491 1185 1491 1185 1491 1185 1491 1188 1491 1188 1491 1191 1491 1191 1491 1322 1501 1463 1486 1466 1486 1558 1486 1558 1486 1558 1486 1561 1486 1561 1486 1561 1486 1564 1486 1564 1486 1564 1488 1582 1506 1584 1506 1636 1506 1636 1504 1661 1483 1661 1483 1664 1483 1664 1483 1664 1483 1666 1483 1666 1483 1669 1483 1723 1483 1723 1483 1723 1483 1726 1483 1726 1483 1728 1483 1728 1483 1754 1501 2078 1499 2083 1548 2083 1555 1898 1568 1895 1568 1895 1568 1895 1568 1893 1568 1870 1561 1839 1553 1628 1553 1556 1568 1522 1573 1522 1573 1520 1573 1520 1573 1520 1573 1517 1573 1517 1573 1507 1568 1486 1561 1479 1571 1473 1573 1473 1576 1473 1576 1471 1576 1471 1576 1471 1576 1468 1576 1468 1576 1466 1576 1466 1576 1419 1571 1329 1561 1301 1573 1291 1579 1291 1579 1291 1579 1288 1579 1288 1579 1286 1579 1209 1576 1039 1568 985 1581 972 1584 969 1584 969 1584 967 1584 967 1584 946 1581 859 1568 555 1589"/></Shape>
	    <String CONTENT="par mon épouse de conserver pour son"
                    HPOS="545.0"
                    VPOS="1483.0"
                    WIDTH="1538.0"
                    HEIGHT="106.0"></String>
          </TextLine>

          
          
          <TextLine ID="line_17"
                    
                    BASELINE="578 1633 1955 1622 2140 1633" 
                    HPOS="573.0"
                    VPOS="1550.0"
                    WIDTH="1567.0"
                    HEIGHT="113.0">
            <Shape><Polygon POINTS="578 1633 573 1594 727 1589 774 1558 776 1558 776 1558 776 1558 779 1558 779 1558 782 1558 887 1558 887 1558 887 1558 890 1558 890 1558 890 1558 892 1558 892 1558 892 1561 923 1591 944 1591 974 1558 974 1555 974 1555 977 1555 977 1555 977 1555 980 1555 980 1555 980 1555 982 1555 982 1555 985 1555 1072 1581 1119 1581 1160 1561 1160 1561 1160 1561 1162 1561 1162 1561 1165 1561 1165 1561 1165 1561 1167 1561 1221 1576 1237 1561 1237 1561 1237 1561 1239 1561 1239 1561 1242 1561 1242 1561 1242 1561 1245 1561 1245 1561 1245 1561 1247 1561 1247 1561 1250 1561 1296 1589 1355 1589 1381 1589 1386 1586 1432 1586 1468 1553 1468 1553 1471 1553 1471 1553 1471 1553 1473 1553 1473 1553 1473 1553 1476 1553 1476 1553 1479 1553 1553 1573 1612 1553 1612 1553 1615 1553 1615 1553 1615 1553 1852 1550 1854 1550 1854 1550 1857 1550 1857 1550 1857 1550 1859 1550 1859 1550 1895 1581 1921 1568 1921 1568 1921 1568 1924 1568 1924 1568 1926 1568 1926 1568 1926 1568 1929 1568 1929 1568 1929 1568 1957 1584 2137 1584 2140 1633 2137 1656 2037 1643 2016 1653 2016 1653 2016 1653 2014 1653 2014 1653 2014 1653 2011 1653 2011 1653 2009 1653 2009 1653 1957 1635 1664 1635 1636 1656 1633 1658 1630 1658 1630 1658 1630 1658 1628 1658 1628 1658 1625 1658 1625 1658 1625 1658 1605 1656 1525 1638 1489 1656 1481 1658 1481 1658 1481 1658 1479 1658 1479 1658 1479 1658 1353 1661 1353 1663 1075 1663 1072 1661 1072 1661 1070 1661 1070 1661 1070 1661 1067 1661 1067 1661 1059 1653 1041 1640 1003 1640 990 1653 985 1658 985 1658 985 1661 985 1661 982 1661 982 1661 982 1661 980 1661 980 1661 977 1661 977 1661 977 1661 938 1653 890 1643 771 1643 751 1653 730 1663 730 1663 730 1663 727 1663 727 1663 727 1663 725 1663 576 1651"/></Shape>
	    <String CONTENT="compte personel le fond de commerce"
                    HPOS="573.0"
                    VPOS="1550.0"
                    WIDTH="1567.0"
                    HEIGHT="113.0"></String>
          </TextLine>

          
          
          <TextLine ID="line_18"
                    
                    BASELINE="573 1694 1494 1723 2119 1710" 
                    HPOS="571.0"
                    VPOS="1640.0"
                    WIDTH="1548.0"
                    HEIGHT="101.0">
            <Shape><Polygon POINTS="573 1694 573 1645 704 1661 735 1645 746 1640 746 1640 746 1640 748 1640 748 1640 748 1640 751 1640 751 1640 792 1645 856 1656 902 1648 928 1643 928 1643 928 1643 931 1643 931 1643 931 1643 933 1643 933 1643 944 1648 967 1658 987 1648 998 1643 998 1643 998 1643 1000 1643 1000 1643 1003 1643 1003 1643 1003 1643 1005 1643 1005 1643 1018 1648 1039 1656 1126 1648 1178 1645 1180 1645 1180 1645 1180 1645 1183 1645 1183 1645 1183 1645 1185 1645 1191 1651 1209 1663 1227 1651 1227 1648 1227 1648 1229 1648 1229 1648 1229 1648 1232 1648 1232 1648 1234 1648 1311 1648 1311 1648 1311 1648 1311 1648 1327 1651 1412 1674 1492 1674 1530 1653 1535 1651 1535 1651 1535 1651 1538 1651 1538 1651 1540 1651 1540 1651 1543 1651 1543 1651 1543 1651 1548 1653 1592 1674 1795 1656 1795 1656 1795 1656 1798 1656 1798 1656 1798 1656 1944 1679 2114 1658 2119 1710 2117 1728 1589 1741 1587 1741 1345 1728 1196 1720 1173 1728 1157 1733 1157 1733 1155 1733 1155 1733 1152 1733 1152 1733 1152 1733 1116 1728 1046 1715 926 1728 884 1730 884 1730 882 1730 882 1730 859 1728 779 1712 722 1728 715 1728 712 1728 712 1728 709 1728 709 1728 709 1728 707 1728 707 1728 707 1728 704 1728 673 1710 571 1725"/></Shape>
	    <String CONTENT="qui pourrait dependre de notre com"
                    HPOS="571.0"
                    VPOS="1640.0"
                    WIDTH="1548.0"
                    HEIGHT="101.0"></String>
          </TextLine>

          
          
          <TextLine ID="line_19"
                    
                    BASELINE="596 1771 841 1787 1867 1795" 
                    HPOS="591.0"
                    VPOS="1720.0"
                    WIDTH="1276.0"
                    HEIGHT="103.0">
            <Shape><Polygon POINTS="596 1771 599 1720 661 1743 681 1725 681 1725 684 1725 684 1725 684 1725 686 1725 686 1725 686 1725 689 1725 689 1725 691 1725 691 1725 691 1725 694 1725 725 1746 815 1725 843 1720 843 1720 843 1720 846 1720 846 1720 846 1720 848 1720 848 1720 848 1720 851 1720 859 1728 892 1748 1039 1733 1129 1723 1129 1723 1131 1723 1196 1725 1196 1725 1196 1725 1198 1725 1198 1725 1198 1725 1201 1725 1201 1725 1214 1738 1232 1751 1335 1741 1345 1741 1345 1741 1347 1741 1347 1741 1350 1741 1350 1741 1350 1741 1353 1741 1378 1756 1569 1756 1582 1748 1615 1730 1615 1730 1615 1730 1618 1730 1618 1730 1618 1730 1620 1730 1620 1730 1623 1730 1623 1730 1674 1751 1679 1751 1687 1751 1803 1730 1803 1730 1805 1730 1805 1730 1805 1730 1808 1730 1808 1730 1867 1756 1867 1795 1865 1802 1623 1823 1620 1823 1620 1823 1620 1823 1618 1823 1556 1807 1504 1820 1502 1820 1502 1820 1499 1820 1499 1820 1499 1820 1497 1820 1497 1820 1494 1820 1468 1805 1378 1820 1378 1820 1376 1820 1376 1820 1376 1820 1373 1820 1373 1820 1329 1800 1327 1800 1314 1800 1144 1818 1144 1818 1142 1818 1142 1818 1139 1818 1139 1818 1139 1818 1103 1800 1098 1797 1072 1800 949 1810 946 1810 946 1810 836 1797 825 1797 823 1797 789 1813 789 1813 787 1813 787 1813 787 1813 784 1813 591 1795"/></Shape>
	    <String CONTENT="munaute a valoir sur ses droits"
                    HPOS="591.0"
                    VPOS="1720.0"
                    WIDTH="1276.0"
                    HEIGHT="103.0"></String>
          </TextLine>

          
          
          <TextLine ID="line_20"
                    
                    BASELINE="730 1908 1955 1864" 
                    HPOS="717.0"
                    VPOS="1810.0"
                    WIDTH="1238.0"
                    HEIGHT="126.0">
            <Shape><Polygon POINTS="730 1908 717 1851 743 1831 743 1831 746 1831 746 1831 746 1831 748 1831 748 1831 748 1831 1013 1823 1016 1823 1016 1823 1018 1823 1018 1823 1018 1823 1052 1841 1082 1859 1103 1838 1108 1836 1108 1833 1108 1833 1111 1833 1111 1833 1113 1833 1113 1833 1113 1833 1116 1833 1116 1833 1147 1838 1221 1849 1245 1833 1247 1831 1247 1831 1250 1831 1250 1831 1252 1831 1252 1831 1252 1831 1255 1831 1255 1831 1257 1831 1257 1831 1257 1831 1263 1833 1301 1851 1401 1833 1401 1833 1401 1833 1404 1833 1574 1841 1600 1825 1602 1825 1602 1825 1605 1825 1605 1825 1605 1825 1607 1825 1607 1825 1607 1825 1610 1825 1610 1825 1610 1825 1612 1825 1612 1825 1628 1838 1708 1838 1731 1818 1738 1810 1738 1810 1741 1810 1741 1810 1741 1810 1744 1810 1744 1810 1746 1810 1746 1810 1792 1815 1888 1825 1944 1810 1955 1864 1952 1877 1718 1879 1705 1890 1692 1900 1692 1900 1690 1900 1690 1900 1687 1900 1687 1900 1687 1900 1587 1905 1584 1905 1584 1905 1584 1905 1543 1897 1489 1887 1468 1903 1468 1903 1468 1903 1466 1903 1466 1903 1466 1903 1463 1903 1463 1903 1461 1903 1440 1903 1365 1900 1337 1908 1309 1915 1306 1915 1306 1915 1304 1915 1216 1913 956 1905 897 1908 877 1926 877 1928 874 1928 874 1928 874 1928 872 1928 872 1928 872 1928 869 1928 869 1928 866 1928 866 1928 820 1910 733 1936"/></Shape>
	    <String CONTENT="Fait a asnieres sur Oise"
                    HPOS="717.0"
                    VPOS="1810.0"
                    WIDTH="1238.0"
                    HEIGHT="126.0"></String>
          </TextLine>

          
          
          <TextLine ID="line_21"
                    
                    BASELINE="776 1993 2119 1949" 
                    HPOS="769.0"
                    VPOS="1882.0"
                    WIDTH="1350.0"
                    HEIGHT="139.0">
            <Shape><Polygon POINTS="776 1993 769 1923 874 1918 877 1918 877 1918 877 1918 879 1918 879 1918 882 1918 884 1921 908 1936 926 1918 928 1918 928 1915 928 1915 931 1915 931 1915 933 1915 933 1915 933 1915 936 1915 936 1915 938 1915 938 1915 938 1915 946 1918 987 1939 1116 1915 1167 1908 1167 1908 1170 1908 1170 1908 1170 1908 1211 1915 1286 1928 1309 1913 1319 1905 1322 1905 1322 1905 1322 1905 1324 1905 1324 1905 1327 1905 1327 1905 1327 1905 1329 1905 1353 1913 1378 1921 1386 1910 1399 1903 1399 1900 1401 1900 1401 1900 1401 1900 1404 1900 1404 1900 1407 1900 1443 1900 1443 1900 1443 1900 1445 1900 1445 1900 1445 1900 1448 1900 1448 1900 1458 1910 1476 1923 1636 1921 1651 1908 1664 1895 1664 1895 1666 1895 1666 1895 1666 1895 1669 1895 1669 1895 1669 1895 1672 1895 1672 1895 1674 1895 1674 1895 1674 1895 1700 1905 1718 1915 1731 1905 1749 1890 1749 1890 1751 1890 1751 1890 1751 1890 1754 1890 1754 1890 1756 1890 1756 1890 1756 1890 1759 1890 1759 1890 1762 1890 1785 1905 1800 1913 1828 1905 1888 1885 1890 1885 1890 1885 1890 1885 1893 1885 1893 1885 1893 1885 1895 1885 1895 1885 1937 1903 1944 1905 2021 1905 2027 1900 2052 1882 2055 1882 2055 1882 2055 1882 2057 1882 2057 1882 2060 1882 2060 1882 2060 1882 2063 1882 2117 1900 2119 1949 2119 1975 1810 1990 1808 1990 1808 1990 1754 1982 1682 1975 1630 1985 1566 2000 1566 2000 1566 2003 1530 2003 1528 2000 1528 2000 1525 2000 1525 2000 1525 2000 1522 2000 1522 2000 1522 1998 1512 1987 1502 1980 1473 1990 1453 1995 1450 1995 1450 1995 1450 1995 1448 1995 1448 1995 1445 1995 1445 1995 1430 1990 1409 1982 1391 1990 1360 2005 1360 2005 1360 2005 1358 2005 1358 2005 1355 2005 1355 2005 1355 2005 1353 2005 1353 2005 1322 1993 1309 1987 1268 1993 1193 2005 1193 2005 1191 2005 1191 2005 1126 1998 1090 1993 1044 1998 884 2021 884 2021 882 2021 882 2021 774 2003"/></Shape>
	    <String CONTENT="le deux Decembre mil neuf cent"
                    HPOS="769.0"
                    VPOS="1882.0"
                    WIDTH="1350.0"
                    HEIGHT="139.0"></String>
          </TextLine>

          
          
          <TextLine ID="line_22"
                    
                    BASELINE="1242 2036 1579 2034" 
                    HPOS="1237.0"
                    VPOS="1980.0"
                    WIDTH="345.0"
                    HEIGHT="97.0">
            <Shape><Polygon POINTS="1242 2036 1237 1998 1401 1980 1401 1980 1404 1980 1574 1995 1579 2034 1582 2047 1522 2075 1522 2075 1522 2075 1520 2075 1520 2075 1520 2077 1445 2077 1443 2075 1443 2075 1440 2075 1440 2075 1440 2075 1437 2075 1414 2059 1389 2047 1291 2047 1247 2075"/></Shape>
	    <String CONTENT="quatorze"
                    HPOS="1237.0"
                    VPOS="1980.0"
                    WIDTH="345.0"
                    HEIGHT="97.0"></String>
          </TextLine>

          
          
          <TextLine ID="line_23"
                    
                    BASELINE="1170 2219 1461 2201 1692 2167 2099 2149" 
                    HPOS="1162.0"
                    VPOS="2090.0"
                    WIDTH="942.0"
                    HEIGHT="170.0">
            <Shape><Polygon POINTS="1170 2219 1162 2175 1273 2155 1273 2155 1273 2155 1275 2155 1345 2157 1386 2160 1399 2155 1492 2108 1492 2108 1492 2108 1494 2108 1494 2108 1579 2101 1579 2101 1741 2090 1744 2090 1744 2090 1744 2090 1746 2090 1746 2090 1746 2090 1749 2090 1792 2119 1798 2124 1808 2119 1821 2113 1821 2113 1823 2113 1823 2113 1823 2113 1826 2113 1826 2113 1826 2113 1828 2113 1839 2116 1867 2126 1883 2111 1885 2111 1885 2108 1885 2108 1888 2108 1888 2108 1888 2108 1890 2108 1890 2108 1893 2108 1926 2108 2021 2111 2045 2098 2047 2095 2050 2095 2050 2095 2050 2095 2052 2095 2052 2095 2055 2095 2055 2095 2055 2095 2057 2095 2057 2095 2060 2095 2060 2095 2060 2095 2073 2106 2086 2095 2099 2149 2104 2185 2078 2203 2075 2203 2075 2203 2075 2203 2073 2203 2073 2203 1937 2214 1934 2214 1934 2214 1934 2214 1931 2214 1931 2214 1901 2198 1865 2180 1839 2203 1831 2211 1831 2211 1828 2211 1828 2211 1828 2211 1826 2211 1826 2211 1826 2211 1823 2211 1823 2211 1821 2211 1821 2211 1821 2211 1808 2206 1772 2188 1625 2209 1625 2209 1623 2209 1623 2209 1623 2209 1620 2209 1620 2209 1594 2198 1528 2227 1481 2245 1481 2245 1479 2245 1479 2245 1476 2245 1476 2245 1476 2245 1473 2245 1473 2245 1443 2232 1401 2214 1291 2229 1273 2245 1252 2260 1252 2260 1250 2260 1250 2260 1250 2260 1247 2260 1247 2260 1245 2260 1245 2260 1167 2250"/></Shape>
	    <String CONTENT="Fernand Henri Horem"
                    HPOS="1162.0"
                    VPOS="2090.0"
                    WIDTH="942.0"
                    HEIGHT="170.0"></String>
          </TextLine>

          
        </TextBlock>
        
        <TextBlock HPOS="298"
                   VPOS="2204"
                   WIDTH="1250"
                   HEIGHT="663"
                   ID="eSc_textblock_eba2952a"
                   TAGREFS="BT4217">
          <Shape><Polygon POINTS="1548 2702 1322 2846 1191 2867 1026 2795 830 2774 493 2785 504 2633 298 2558 318 2458 553 2448 604 2407 637 2232 788 2204 788 2249 1118 2249 1118 2285 1198 2285 1198 2280 1479 2280 1479 2552 1542 2552"/></Shape>
          
        </TextBlock>
        

        
      </PrintSpace>
    </Page>
  </Layout>
</alto>
