2237 3080
904 213 922 97 Beaufort-Somme.

914 618 1084 123 Ceci est Mon testament

598 867 1430 144 Je soussigné François Mazuel

580 980 1567 131 Hotelier, demeurant 12 rue des petits

575 1095 1546 116 Hotels* en ce moment sur le front

97 1252 355 80 * à Paris

585 1211 1572 113 révoque tous testaments ou donations

249 1309 264 112 FMazuel

577 1342 476 92 anterieurs

572 1403 1590 152 J’institue ma femme Victorine Eugenie

523 1547 1631 105 Mennesson pour ma légataire universelle

521 1629 881 126 en pleine propriété.

475 1740 1674 136 En cas d’existence d’enfants le present legs

405 1855 1747 131 sera reduit à la plus forte quotité presmise

77 2027 357 85 un mot rayér nul

431 1953 1723 136 par la >< loi tant en pleine propriété qu’

159 2089 236 156 FMazuel

403 2099 819 105 en usufruits

408 2158 1746 157 Et pour jouir de l’usufruit auquel elle pourrait

364 2276 1806 144 avoir droit en vertu du present legs, ma femme

328 2392 1760 120 sera dispensée de caution et d’emploi mais

341 2494 1713 149 devra faire faire face bon et fidele inventaire

339 2620 1022 116 conformement à la loi.

495 2702 1675 167 Beaufort le 23 Juin mille neuf cent quinze

1574 2795 421 156 FMazuel
