2488 3879
262 326 113 3158 pour toutes vos bontés sans nombre. Ne me plaignez pas trop je

386 322 15 3203 p.s. Adieu mes Parents bien aimés vous qui aviez tout fait pour moi, merci

436 320 34 3237 n’ai fait que mon devoir et suis mort pour défendre notre

200 342 113 3326 cher Pays. Adieu vous tous mes amis dont l’amitié m’a toujours été

153 356 70 2753 très précieuse n’oubliez pas trop vite votre ami ! Paul Coulaugras

533.0 158.0 1605.0 110.0 Page quatrième

546.0 265.0 1641.0 116.0 deuxième parce qu’il n’est pas

546.0 394.0 1776.0 113.0 responsable des dissentiments entre son

559.0 484.0 1398.0 149.0 père et nous et que peut-être il aura

595.0 614.0 1575.0 126.0 besoin d’un peu d’argent plus tard.

605.0 727.0 1698.0 126.0 Ne pas oublier nos Amis Ussel-Piquel,

595.0 843.0 1737.0 136.0 Hortense Combelle Durif qui ont toujours

601.0 989.0 1731.0 100.0 été gentils pour moi. La famille Combelle,

601.0 1108.0 1764.0 107.0 mon Oncle, comme ils ne nous ont jamais

608.0 1215.0 880.0 123.0 aimés, n’ont pas besoin de profiter de

650.0 1328.0 1727.0 129.0 mes dépouilles.

585.0 1444.0 1741.0 143.0 Si Pierre Boiteux revient après la guerre,

608.0 1567.0 1692.0 130.0 que mes Parents le gardent près d’eux. il

611.0 1700.0 1734.0 113.0 a un cœur excellent et il les aidera à

611.0 1806.0 1660.0 146.0 se consoler de ma mort, je demande

595.0 1936.0 1773.0 123.0 aussi pour lui une large part

601.0 2065.0 1705.0 120.0 en plus de ce que je lui donne - personnellement.

598.0 2169.0 1728.0 135.0 Je n’ai indiqué à mes Parents que des

598.0 2291.0 1789.0 126.0 grandes lignes qu’ils pourront modifier -

617.0 2427.0 1621.0 113.0 sauf en ce qui concerne l’exclusion des Combelle.

598.0 2543.0 1779.0 110.0 Je demande aussi une somme de

605.0 2637.0 1763.0 130.0 trois mille francs a donner immédiatement

595.0 2767.0 1650.0 129.0 à J. Thévenon, actuellement soldat, qui a été

605.0 2896.0 1682.0 113.0 employé chez Cherpuiseau, maroquinier, en ce

595.0 3006.0 1789.0 142.0 moment blessé au Mans, Hopital auxiliaire nonuméro 1,

598.0 3122.0 1695.0 142.0 salle Jeanne d’Arc, lit 12. Il était au 31. d’Infanterie Paris en 1912

608.0 3242.0 1656.0 135.0 Si mon corps est retrouvé je désire

630.0 3358.0 1301.0 126.0 être enterré à Coudes, et avoir un beau

595 3465 537 278 tombeau en granit poli.

1164.0 3455.0 942.0 242.0 Paul Coulaugras
