2496 3840
262 579 67 243 J.Adain

198 246 90 835 de Sceaux - qui fait mes recouvrements

32 233 134 874 Les registres de reçus a souche, sont

112 233 115 976 dans les mains de MrMonsieur Vicher 1 avenue

313 64 1751 163 M Jaillet me doit 1800 frsfrancs dont le reçu est

323 198 723 125 sous cette enveloppe.

329 284 2007 138 Il reste à toucher un certain nombre d’honoraires de 1913

310 377 2038 163 de 1914 et de 1916. Mes livres sont ici, il y aurait

329 508 1869 122 lieu de poursuivre le reglement de ces notes pour

329 620 1783 112 toutes les juridictions, au cas de mon deces, en tous cas

323 726 752 118 pour les plus fortes notes.

307 803 1933 128 Les dettes des memoirs, et de la maison seraient donc

297 912 1997 118 largement payées, et la maison appartiendrait à mon fils.

284 1014 1844 102 L’excédent sera placé en bonnes rentes sures qu’il ne

294 1113 1139 125 pourra toucher qu’a sa majorité.

278 1212 1872 112 D’autre part ma clientelle peut être vendue, ainsi

281 1308 1818 125 que l’auto. Les clientèles se vendent chez Breitel

278 1408 1872 124 et Pons, B^d S^tMichel. En cas de decèsdécès, il serait facile

291 1536 1856 112 de la vendre au moins 5000 fr. sans le matériel.

275 1638 1853 99 Ma maison sera habitée ou louée. Si elle est habitée

297 1734 2045 125 par M Jaillet et sa famille, je crois juste de demander

300 1843 2020 125 à M Jaillet une somme de 5mille francs par an. Cette

307 1948 2003 119 somme sera placée en capitalisation. Le produit appartiendra

310 2060 1997 119 a mon fils a sa majorité et sera placé par lui. Néanmoins

310 2160 1978 121 pour remercier M Jaillet d’avoir elevé mon fils, avec le

297 2265 1978 122 même amour que les siens, les 5 premiers mille francs

313 2380 1840 122 capitalisés appartiendront a Simone Jaillet et seront

323 2473 1949 138 placés pour elle. Il est bien entendu que ces 5 mille francs

329 2598 2013 112 ne pourront provenir que de cette location de ma maison

329 2691 1792 141 a M Jaillet. Au cas ou elle serait louée a des 1/3tiers, mon

326 2793 1920 151 mobilier sera placé dans un petit logement jusqu’a la majorité

320 2880 2067 169 de mon fils et le loyer de ce logement sera payé par M Jaillet

284 3001 2055 128 sur le montant de la location. Ma maison peut etre louée au

348 3113 1844 119 moins 3000 frs par an. Même dans ce cas, je maintiens

339 3200 1878 147 que -5000-  frs devront être donnés a Simone Jaillet sur le

352 3296 1926 147 produit de ma location- Les papiers qui me sont personnels

329 3382 1968 173 (Lettres de ma femme) seront brûlés sans qu on en lise un seul)

345 3497 1975 147 j’en ai fait un paquet- En dehors de ce que j’ai annoncé

1878 3568 464 150 Dr.J.Adain

358 3593 1331 154 je ne dois rien a personne a cette date.

1241 3644 675 167 5 novembre 1916

256 2566 86 272 Dr.J.Adain

160 2598 112 954 la pension que l etat lui devra a ma mort

115 2931 102 624 à aura 1500 frs de sa mère

192 2368 128 1184 Le reste sera placé et les rentes seront capitalisées

41 1670 109 1891 Pour faire vivre mon fils il suffirait de depenser honnetement, ce qui lui est necessaire
