2488 3879
148 307 101 2340 très précieuse n’oubliez pas trop vite votre ami !

203 303 107 3365 cher Pays. Adieu vous tous mes amis dont l’amitié m’a toujours été

284 287 91 3210 n’ai fait que mon devoir et suis mort pour défendre notre

342 258 94 3317 pour toutes vos bontés sans nombre. Ne me plaignez pas trop je

394 277 130 3330 p.s. Adieu mes Parents bien aimés vous qui aviez tout fait pour moi, merci

110 2589 145 530 Paul Coulaugras

533 158 1605 110 deuxième parce qu’il n’est pas

546 265 1641 116 responsable des dissentiments entre son

546 394 1776 113 père et nous et que peut-être il aura

559 484 1398 149 besoin d’un peu d’argent plus tard.

595 614 1575 126 Ne pas oublier nos Amis Ussel-Piquel,

605 727 1698 126 Hortense Combelle Durif qui ont toujours

595 843 1737 136 été gentils pour moi. La famille Combelle,

601 989 1731 100 mon Oncle, comme ils ne nous ont jamais

601 1108 1764 107 aimés, n’ont pas besoin de profiter de

611 1215 721 123 mes dépouilles.

650 1328 1727 129 Si Pierre Boiteux revient après la guerre,

585 1444 1741 143 que mes Parents le gardent près d’eux. il

608 1567 1692 130 a un cœur excellent et il les aidera à

611 1700 1734 113 se consoler de ma mort, je demande

611 1806 1660 146 aussi pour lui une large part

595 1936 1773 123 en plus de ce que je lui donne - personnellement.

601 2065 1705 120 Je n’ai indiqué à mes Parents que des

598 2169 1728 135 grandes lignes qu’ils pourront modifier -

598 2291 1789 126 sauf en ce qui concerne l’exclusion des Combelle.

617 2427 1621 113 Je demande aussi une somme de

598 2543 1779 110 trois mille francs a donner immédiatement

605 2637 1763 130 à J. Thévenon, actuellement soldat, qui a été

595 2767 1650 129 employé chez Cherpuiseau, maroquinier, en ce

605 2896 1682 113 moment blessé au Mans, Hopital auxiliaire nonuméro 1,

595 3006 1789 142 salle Jeanne d’Arc, lit 12. Il était au 31. d’Infanterie Paris en 1912

598 3122 1695 142 Si mon corps est retrouvé je désire

608 3242 1656 135 être enterré à Coudes, et avoir un beau

630 3358 1301 126 tombeau en granit poli.

595 3465 537 278 Paul Coulaugras

1164 3455 942 242 Paul Coulaugras
