2192 3043
895.0 471.0 1190.0 112.0 Ceci est mon testament.

649.0 616.0 1276.0 132.0 Je, soussigné, Paget Simon,

634.0 717.0 1362.0 119.0 Instituteur à Courbevoie et domicilié

644.0 814.0 1291.0 157.0 vingt-quatre bis Rue Gustave Rey à

553.0 935.0 1319.0 135.0 La Garenne-Colombes (Seine),

611.0 1054.0 1525.0 132.0 étant sain de corps et d’esprit, agissant

603.0 1158.0 1528.0 125.0 en toute liberté et connaissance de cause,

644.0 1278.0 1327.0 121.0 ai pris les dispositions ci-après :

471.0 1369.0 1655.0 155.0 Si je viens à décéder sans postérité, n’ayant

443.0 1478.0 1561.0 155.0 actuellement pas d’enfant, je dispose

449.0 1600.0 1618.0 131.0 en faveur de Pauline-Zénaïde Guénot,

443.0 1701.0 1657.0 127.0 mon épouse, de tout ce que la loi me

449.0 1810.0 1608.0 132.0 permet de disposer en pleine propriété

454.0 1927.0 1656.0 96.0 en sa faveur et en outre de l’usufruit

456.0 2008.0 1657.0 139.0 de la totalité de mes biens, lui laissant

497.0 2122.0 1616.0 139.0 toute liberté d’acheter, vendre, louer, traiter,.

476.0 2236.0 1629.0 117.0 Ceci au sujet de l’immeuble acquis

469.0 2345.0 1469.0 109.0 en communauté à Monsieur Chanoine

456.0 2454.0 1649.0 107.0 En un mot je désirerais qu’on laissât

469.0 2566.0 1563.0 124.0 motn épouse disposer librement de

1590.0 2543.0 528.0 71.0 tout au moins sa vie durant

469.0 2680.0 1535.0 119.0 tout ce que nous avons acquis et

53 1229 294 137 Donation

88 1359 211 68 à mon

121 1387 249 147 épouse

68 1458 307 271 Paget

53 1564 269 183 Simon

78 1625 322 259 Paul

76 2543 365 96 six mots ajoutés

83 2599 307 142 Paget

238 2611 228 175 Simon
