2188 3048
663 134 1214 127 Taverny le 5 Décembre 1915

668.0 421.0 1423.0 99.0 Je soussigné Meunier Maxime

569.0 497.0 1486.0 117.0 actuellement mobilisé à Romorantin

581.0 584.0 1510.0 111.0 Loir-et-Cher comme sergent-fourrier au

584.0 673.0 1479.0 119.0 39^e Régiment Territorial d’Infanterie 13^e

599.0 767.0 1494.0 127.0 Compagnie déclare par la présente qu’en

581.0 858.0 1487.0 112.0 cas de décès au cours des opérations de

581.0 955.0 1449.0 111.0 guerre l’actif pouvant me revenir en

581.0 1033.0 1299.0 127.0 propre meubles et immeubles ainsi que

604.0 1120.0 1482.0 122.0 participations diverses financières ou autres

594.0 1209.0 1484.0 129.0 seront léguées à ma femme née Patureaux

599.0 1297.0 1477.0 120.0 Aléxina sans recours de qui que ce soit.

592.0 1389.0 1484.0 112.0 En cas de décès je lui abandonne tout mon

574.0 1480.0 1359.0 115.0 avoir à son profit mais sous la

576.0 1569.0 1456.0 117.0 condition que mes trois enfants issus de

589.0 1663.0 1510.0 99.0 notre mariage soient élevés jusqu’à leur

587.0 1750.0 1407.0 106.0 majorité avec une instruction et une

599.0 1833.0 1433.0 110.0 éducation ainsi qu’une existence exempte

607.0 1910.0 1469.0 124.0 de tout reproche. La présente déclaration

526.0 2014.0 1364.0 122.0 deviendra nulle en cas de vie et la Guerre terminée

670.0 2095.0 1185.0 114.0 Fait de bonne foi à Taverny le

574.0 2169.0 1184.0 162.0 Cinq Décembre Mil Neuf Cent  quinze

803 2329 622 244 Meunier Maxime
