2170 3072
579 125 1240 123 Ceci est mon Testaments

566.0 309.0 1296.0 136.0 Je sousigne Brunet Henri

550 401 1522 139 François Placide Valet de chambre

543 491 1519 133 A S^t Saint germain en Laye seine et oise

561.0 604.0 932.0 97.0 23 rue de Noailles

522.0 698.0 1494.0 113.0 déclare par ces présentes instituer

527.0 791.0 1481.0 112.0 pour ma lêgataire universelles,

522.0 872.0 1589.0 136.0 ma femme née Madeleine Gateau

543.0 975.0 1491.0 115.0 a la quelle  je donne et lègue en

522.0 1064.0 1537.0 118.0 pleine propriété L’universalité

497.0 1159.0 1596.0 108.0 des biens, meubles et immeubles qui

499.0 1259.0 1609.0 113.0 m’appartiendront au jour de mon déces

509.0 1351.0 1558.0 97.0 et composeront ma succession, sans

525.0 1433.0 1568.0 123.0 exception ni reserve? je la charge

540.0 1528.0 1455.0 107.0 de veiller a L’exécutions de mes

568.0 1620.0 1338.0 102.0 volonté la nom^m ant ma seule

581.0 1710.0 1432.0 97.0 excutrice testamentaire ? avec les

596.0 1802.0 1230.0 118.0 pouvoirs les plus étendus.

591.0 1889.0 1473.0 110.0 telles est mes dernières volontes

627.0 2004.0 1104.0 100.0 que je veux être  éxécutes.

576.0 2083.0 1568.0 98.0 Fait de ma main a S^t Saint germain en Laye

604.0 2170.0 1535.0 113.0 Le 2 aout mil neuf cents quatorze

614.0 2280.0 1530.0 98.0 au cas ou moi ou ma femme ne serait

607.0 2365.0 1488.0 107.0 plus, nous donnont tous ce qui nous

614.0 2452.0 1453.0 118.0 apartient meubles et immeuble a mes

586.0 2536.0 1548.0 123.0 beau parents Michel gateau mon beau

609.0 2639.0 1491.0 107.0 père? et marie Gateau ma belle mère

620.0 2757.0 1493.0 79.0 née rigaud fait de ma main Le deux

1022.0 2705.0 960.0 103.0 jusquau jour de leur décés.

655.0 2816.0 1453.0 110.0 aout mil neuf cents quatorze  a

691.0 2890.0 720.0 128.0 S^t Saint germain en Laye

1447 2897 694 136 Brunet Henri
