2683 3382
81.0 197.0 2068.0 208.0 nous ne sont que momentanement séparés par la

67.0 304.0 2206.0 231.0 mort. C’est dans cette espérance d’une autre vie, que

56.0 417.0 2251.0 273.0 je supplie ma femme, si je dois mourir dans cette guerre

64 532 2455 290 d etre courageuse et forte, et que j envisage sans defaillance

104.0 693.0 2079.0 270.0 l’événement que j'ai le devoir d’envisager et de

118 949 370 150 prévoir.

169.0 980.0 2110.0 254.0 J’ai eu comme tous les etres, sans doute, en moi

93.0 1096.0 2121.0 290.0 du bon et du mauvais. J’ai essayé loyalement de

112.0 1240.0 2043.0 273.0 m’elever moralement pour me rapprocher le plus

138.0 1386.0 2054.0 279.0 possible des deux êtres exquis qui m’ont aimé le

143.0 1550.0 2085.0 281.0 plus et que j’ai aimés le plus, mon père et ma

138.0 1674.0 2051.0 301.0 femme. Je regarde ma vie. Je n’ai pas à en

118.0 1803.0 2130.0 302.0 rougir. Je crois l’avoir vécue en honnète homme.

155.0 1908.0 2155.0 346.0 Je suis sans crainte sur le jugement qui, peut-étre,

141.0 2243.0 536.0 118.0 m’attend.

386.0 2209.0 1422.0 296.0 Fait à Saintes le 21 Decembre 1914.

564 2339 1142 451 fernandChazot-Gariel

205.0 2584.0 2111.0 372.0 J’exprime à ma femme le désir quelle dispose de ce qu’elle

214.0 2694.0 2085.0 335.0 pourrait posséder au jour de sa mort sans oublier ma soeur.

208 2764 2317 358 Si sa situation devenait précaire. Ma mère est d’un age avancé,

220 2852 2319 366 sa vie est assurée, modestement mais suffisamment pour les besoins

262.0 2942.0 2040.0 344.0 que je lui connais et que le malheur dont la frapperait ma mort

583 3111 1042 197 ne pourrait encore que réduire.

1740 3083 409 191 FChazot
