<?xml version="1.0" encoding="UTF-8"?>
<alto xmlns:xsi="http://www.w3.org/2001/XMLSchema-instance"
      xmlns="http://www.loc.gov/standards/alto/ns-v4#"
      xsi:schemaLocation="http://www.loc.gov/standards/alto/ns-v4# http://www.loc.gov/standards/alto/v4/alto-4-2.xsd">
  <Description>
    <MeasurementUnit>pixel</MeasurementUnit>
    <sourceImageInformation>
      <fileName>TestamentsDePoilus_will_AN_0194-0.jpg</fileName>
      
    </sourceImageInformation>
  </Description>
  
  <Layout>
    <Page WIDTH="2229"
          HEIGHT="3100"
          PHYSICAL_IMG_NR="55"
          ID="eSc_dummypage_">
      <PrintSpace HPOS="0"
                  VPOS="0"
                  WIDTH="2229"
                  HEIGHT="3100">
        
        <TextBlock HPOS="579"
                   VPOS="137"
                   WIDTH="1567"
                   HEIGHT="2496"
                   ID="eSc_textblock_e8ff4f82"
                   TAGREFS="BT">
          <Shape><Polygon POINTS="2135 165 2146 1909 2003 1964 1303 1956 1090 2040 1900 2064 2022 2108 2025 2407 1934 2448 2042 2529 1995 2558 1890 2601 1811 2601 1733 2605 1680 2601 1216 2633 1040 2626 855 2516 827 2416 786 2322 709 2126 911 2055 632 2028 589 1940 630 1632 579 1547 579 1353 641 989 625 724 655 478 660 357 674 199 727 154 906 145 1013 144 1197 144 1318 158 1851 137 1926 152"/></Shape>
          
          
          <TextLine ID="eSc_line_a0936a84"
                    
                    BASELINE="693 232 2037 237" 
                    HPOS="687.0"
                    VPOS="147.0"
                    WIDTH="1350.0"
                    HEIGHT="106.0">
            <Shape><Polygon POINTS="693 232 690 160 889 147 892 147 892 147 892 147 894 147 894 147 897 147 915 157 961 188 1026 188 1093 186 1135 157 1150 147 1153 147 1153 147 1153 147 1155 147 1155 147 1158 147 1202 147 1202 147 1202 147 1205 147 1205 147 1205 147 1207 147 1220 157 1264 188 1440 188 1461 170 1461 167 1461 167 1463 167 1463 167 1463 167 1466 167 1466 167 1507 162 1507 162 1510 162 1510 162 1512 162 1512 162 1512 162 1515 162 1515 162 1515 165 1535 180 1548 167 1548 167 1548 167 1551 167 1551 167 1554 167 1554 167 1554 167 1556 167 1556 167 1556 167 1595 175 1621 157 1623 155 1626 155 1626 155 1626 155 1629 155 1629 155 1701 149 1704 149 1704 149 1704 149 1706 149 1706 149 1706 149 1709 149 1709 149 1717 157 1758 191 1936 191 1960 167 1960 165 1960 165 1962 165 1962 165 1962 165 1965 165 1965 165 2032 157 2037 237 2032 253 687 248"/></Shape>
	    <String CONTENT="Ceci est mon testament"
                    HPOS="687.0"
                    VPOS="147.0"
                    WIDTH="1350.0"
                    HEIGHT="106.0"></String>
          </TextLine>

          
          
          <TextLine ID="eSc_line_c7ac5b96"
                    
                    BASELINE="711 418 2125 423" 
                    HPOS="708.0"
                    VPOS="338.0"
                    WIDTH="1417.0"
                    HEIGHT="114.0">
            <Shape><Polygon POINTS="711 418 711 374 824 374 832 369 892 338 892 338 892 338 894 338 894 338 894 338 897 338 897 338 899 338 899 338 899 338 902 338 946 366 956 374 1003 366 1067 353 1067 353 1067 353 1070 353 1070 353 1073 353 1073 353 1096 364 1124 374 1145 361 1184 338 1186 338 1186 338 1186 338 1189 338 1189 338 1192 338 1192 338 1192 338 1194 338 1194 338 1194 338 1197 338 1228 359 1248 374 1352 361 1352 361 1354 361 1354 361 1354 361 1357 361 1357 361 1360 361 1360 361 1370 369 1380 361 1380 359 1380 359 1383 359 1383 359 1383 359 1386 359 1386 359 1386 359 1388 359 1388 359 1489 372 1535 351 1567 338 1567 338 1569 338 1569 338 1569 338 1572 338 1572 338 1574 338 1574 338 1574 338 1577 338 1577 338 1577 341 1590 351 1600 361 1613 351 1616 351 1616 351 1616 351 1618 351 1618 351 1621 351 1621 351 1621 351 1623 351 1623 351 1688 379 1758 379 1802 346 1810 338 1810 338 1812 338 1812 338 1812 338 1815 338 1815 338 1817 338 2122 338 2125 423 2122 434 1996 452 1996 452 1993 452 1993 452 1854 436 1833 436 1799 439 1639 449 1636 449 1636 449 1515 441 1445 436 1300 441 1142 449 1140 449 1140 449 1104 444 1034 434 708 446"/></Shape>
	    <String CONTENT="Je soussigné Fontaine Joseph"
                    HPOS="708.0"
                    VPOS="338.0"
                    WIDTH="1417.0"
                    HEIGHT="114.0"></String>
          </TextLine>

          
          
          <TextLine ID="eSc_line_815b4816"
                    
                    BASELINE="661 511 2091 506" 
                    HPOS="651.0"
                    VPOS="426.0"
                    WIDTH="1440.0"
                    HEIGHT="111.0">
            <Shape><Polygon POINTS="661 511 651 462 669 444 669 441 669 441 672 441 672 441 672 441 674 441 674 441 677 441 677 441 677 441 680 441 680 441 682 441 682 441 705 459 708 459 853 459 855 457 892 428 892 428 894 428 894 428 894 428 897 428 897 428 899 428 1137 428 1137 428 1137 428 1140 428 1140 428 1142 428 1179 452 1197 462 1282 462 1311 449 1347 434 1347 434 1349 434 1349 434 1349 434 1352 434 1468 439 1484 426 1484 426 1486 426 1486 426 1486 426 1489 426 1489 426 1492 426 1492 426 1492 426 1494 426 1551 444 1595 459 1631 459 1649 441 1660 434 1660 431 1660 431 1662 431 1662 431 1662 431 1665 431 1665 431 1667 431 1745 434 1745 434 1745 434 1748 434 1748 434 1750 434 1750 434 1750 436 1755 439 1776 459 1905 459 1965 439 1967 439 1967 439 1967 439 1970 439 1970 439 1973 439 1973 439 1973 439 2004 454 2040 434 2055 426 2055 426 2055 426 2058 426 2058 426 2058 426 2060 426 2060 426 2063 426 2089 434 2091 506 2089 537 661 537"/></Shape>
	    <String CONTENT="mobilisé au 11^ème régiment d’artillerie fort"
                    HPOS="651.0"
                    VPOS="426.0"
                    WIDTH="1440.0"
                    HEIGHT="111.0"></String>
          </TextLine>

          
          
          <TextLine ID="eSc_line_c354aa7a"
                    
                    BASELINE="677 609 2076 607" 
                    HPOS="669.0"
                    VPOS="519.0"
                    WIDTH="1407.0"
                    HEIGHT="106.0">
            <Shape><Polygon POINTS="677 609 669 558 762 519 762 519 765 519 765 519 767 519 767 519 767 519 770 519 770 519 770 519 832 552 907 519 907 519 910 519 910 519 910 519 912 519 912 519 915 519 915 519 915 519 985 555 1005 555 1039 521 1039 519 1039 519 1042 519 1042 519 1042 519 1044 519 1044 519 1047 519 1194 519 1194 519 1194 519 1197 519 1197 519 1197 519 1199 519 1199 519 1199 521 1212 532 1236 519 1238 519 1238 519 1241 519 1241 519 1243 519 1336 519 1336 519 1336 519 1339 519 1339 519 1342 519 1367 534 1401 521 1401 521 1404 521 1404 521 1406 521 1406 521 1406 521 1409 521 1409 521 1409 521 1411 521 1411 521 1411 524 1435 545 1515 521 1517 521 1517 521 1520 521 1520 521 1520 521 1523 521 1523 521 1592 552 1711 519 1714 519 1714 519 1717 519 1717 519 1717 519 1719 519 1719 519 1719 519 1722 519 1722 519 1755 550 2071 555 2076 607 2073 625 677 625"/></Shape>
	    <String CONTENT="du Mont, Albertville, Savoie,"
                    HPOS="669.0"
                    VPOS="519.0"
                    WIDTH="1407.0"
                    HEIGHT="106.0"></String>
          </TextLine>

          
          
          <TextLine ID="eSc_line_ba343521"
                    
                    BASELINE="661 694 1944 694" 
                    HPOS="659.0"
                    VPOS="617.0"
                    WIDTH="1288.0"
                    HEIGHT="93.0">
            <Shape><Polygon POINTS="661 694 659 620 726 617 729 617 729 617 731 617 731 617 731 617 734 617 734 617 736 620 773 648 822 635 824 635 824 635 827 635 827 635 830 635 894 651 936 625 949 617 951 617 951 617 951 617 954 617 954 617 956 617 1021 617 1021 617 1021 617 1023 617 1023 617 1023 617 1026 617 1026 617 1036 627 1057 645 1106 651 1124 638 1124 638 1127 638 1127 638 1127 638 1130 638 1130 638 1132 638 1132 638 1132 638 1135 638 1135 638 1135 638 1137 638 1137 638 1137 640 1150 653 1401 653 1463 638 1484 635 1484 635 1484 635 1486 635 1486 635 1512 640 1572 651 1618 643 1660 635 1660 635 1662 635 1662 635 1662 635 1665 635 1665 635 1665 635 1680 643 1683 645 1683 643 1709 620 1709 617 1709 617 1711 617 1711 617 1711 617 1714 617 1714 617 1717 617 1866 617 1866 617 1866 617 1869 617 1869 617 1947 651 1944 694 1941 710 659 707"/></Shape>
	    <String CONTENT="déclare donner à femme Elisa"
                    HPOS="659.0"
                    VPOS="617.0"
                    WIDTH="1288.0"
                    HEIGHT="93.0"></String>
          </TextLine>

          
          
          <TextLine ID="eSc_line_7496231d"
                    
                    BASELINE="1331 645 1461 645" 
                    HPOS="1331.0"
                    VPOS="601.0"
                    WIDTH="130.0"
                    HEIGHT="62.0">
            <Shape><Polygon POINTS="1331 645 1331 601 1461 601 1461 645 1461 663 1331 663"/></Shape>
	    <String CONTENT="ma"
                    HPOS="1331.0"
                    VPOS="601.0"
                    WIDTH="130.0"
                    HEIGHT="62.0"></String>
          </TextLine>

          
          
          <TextLine ID="eSc_line_a4ce03a4"
                    
                    BASELINE="669 785 2117 790" 
                    HPOS="664.0"
                    VPOS="694.0"
                    WIDTH="1453.0"
                    HEIGHT="117.0">
            <Shape><Polygon POINTS="669 785 669 736 799 736 804 736 868 694 871 694 871 694 871 694 874 694 874 694 876 694 876 694 876 694 879 694 879 694 879 694 954 736 954 736 956 736 1005 723 1008 723 1008 723 1011 723 1011 723 1011 723 1080 736 1083 736 1083 736 1104 720 1106 720 1106 720 1106 720 1109 720 1109 720 1111 720 1111 720 1111 720 1176 733 1197 718 1197 715 1197 715 1199 715 1199 715 1202 715 1202 715 1202 715 1205 715 1205 715 1207 715 1207 715 1207 715 1210 715 1210 715 1210 718 1230 736 1360 723 1360 723 1362 723 1362 723 1362 723 1424 736 1484 697 1486 697 1486 697 1486 697 1489 697 1489 697 1492 697 1492 697 1492 697 1494 697 1494 697 1543 720 1574 697 1577 697 1577 697 1577 697 1579 697 1579 697 1582 697 1838 697 1838 697 1838 697 1841 697 1841 697 1841 697 1843 697 1843 697 1879 728 1916 697 1916 697 1918 697 1918 697 1918 697 1921 697 1921 697 1923 697 2032 697 2032 697 2032 697 2035 697 2035 697 2035 697 2117 741 2117 790 2112 811 664 806"/></Shape>
	    <String CONTENT="Fontaine, née Gavard Molliard Elisa"
                    HPOS="664.0"
                    VPOS="694.0"
                    WIDTH="1453.0"
                    HEIGHT="117.0"></String>
          </TextLine>

          
          
          <TextLine ID="eSc_line_32f82e0b"
                    
                    BASELINE="656 878 1166 868 1923 873" 
                    HPOS="651.0"
                    VPOS="795.0"
                    WIDTH="1275.0"
                    HEIGHT="101.0">
            <Shape><Polygon POINTS="656 878 651 826 703 821 726 798 726 795 726 795 729 795 729 795 729 795 731 795 731 795 734 795 734 795 786 800 786 800 788 800 788 800 788 800 791 800 791 803 814 824 974 824 1003 798 1003 795 1003 795 1005 795 1005 795 1005 795 1008 795 1008 795 1011 795 1042 795 1042 795 1042 795 1044 795 1044 795 1044 795 1047 795 1047 795 1047 798 1073 821 1279 795 1279 795 1282 795 1282 795 1404 813 1429 800 1429 800 1429 800 1432 800 1432 800 1432 800 1435 800 1435 800 1437 800 1437 800 1437 800 1440 800 1440 800 1440 803 1463 824 1520 824 1572 795 1572 795 1572 795 1574 795 1574 795 1577 795 1577 795 1577 795 1579 795 1662 821 1748 795 1750 795 1750 795 1753 795 1753 795 1753 795 1755 795 1755 795 1815 821 1841 798 1841 798 1843 798 1843 798 1843 798 1846 798 1846 798 1890 795 1892 795 1892 795 1892 795 1895 795 1895 795 1895 795 1898 795 1898 795 1898 798 1926 826 1923 873 1918 896 654 888"/></Shape>
	    <String CONTENT="et en cas de mon decés toutes les"
                    HPOS="651.0"
                    VPOS="795.0"
                    WIDTH="1275.0"
                    HEIGHT="101.0"></String>
          </TextLine>

          
          
          <TextLine ID="eSc_line_5e68fcf7"
                    
                    BASELINE="656 966 2130 966" 
                    HPOS="654.0"
                    VPOS="901.0"
                    WIDTH="1476.0"
                    HEIGHT="106.0">
            <Shape><Polygon POINTS="656 966 654 919 917 904 920 904 920 904 1016 914 1073 919 1098 911 1130 904 1132 904 1132 904 1135 904 1135 904 1135 904 1176 911 1215 922 1592 922 1605 906 1610 904 1610 901 1610 901 1613 901 1613 901 1613 901 1616 901 1616 901 1618 901 1618 901 1618 901 1621 901 1636 906 1673 917 1727 904 1748 901 1748 901 1748 901 1750 901 1802 904 2019 919 2040 904 2040 901 2042 901 2042 901 2042 901 2042 901 2045 901 2045 901 2047 901 2130 901 2130 966 2122 1002 2094 979 1900 997 1900 997 1898 997 1898 997 1895 997 1833 981 1784 997 1781 997 1781 997 1781 997 1779 997 1657 986 1639 997 1629 1004 1626 1004 1626 1004 1626 1004 1623 1004 1623 1004 1621 1004 1621 1004 1621 1004 1618 1004 1595 997 1561 986 1535 997 1517 1004 1517 1004 1515 1004 1515 1004 1515 1007 1373 1007 1370 1004 1370 1004 1367 1004 1367 1004 1367 1004 1349 994 1323 981 1192 989 1189 989 1189 989 1189 989 1186 989 1135 976 1042 992 992 999 992 999 990 999 990 999 990 999 987 999 959 992 923 981 656 986"/></Shape>
	    <String CONTENT="économies que nous gagnés ensemble"
                    HPOS="654.0"
                    VPOS="901.0"
                    WIDTH="1476.0"
                    HEIGHT="106.0"></String>
          </TextLine>

          
          
          <TextLine ID="eSc_line_19a54805"
                    
                    BASELINE="1411 927 1569 922" 
                    HPOS="1406.0"
                    VPOS="886.0"
                    WIDTH="163.0"
                    HEIGHT="54.0">
            <Shape><Polygon POINTS="1411 927 1406 888 1561 886 1569 922 1569 932 1411 940"/></Shape>
	    <String CONTENT="avons"
                    HPOS="1406.0"
                    VPOS="886.0"
                    WIDTH="163.0"
                    HEIGHT="54.0"></String>
          </TextLine>

          
          
          <TextLine ID="eSc_line_e9a5376d"
                    
                    BASELINE="651 1054 2117 1059" 
                    HPOS="646.0"
                    VPOS="979.0"
                    WIDTH="1471.0"
                    HEIGHT="121.0">
            <Shape><Polygon POINTS="651 1054 646 1004 711 984 713 984 713 984 716 984 716 984 716 984 814 1004 819 1004 822 1004 871 981 871 981 871 981 874 981 874 981 876 981 876 981 876 981 879 981 879 981 936 1004 938 1004 943 1004 1101 979 1101 979 1104 979 1104 979 1104 979 1106 979 1106 979 1106 979 1109 979 1109 979 1109 981 1135 1004 1135 1007 1202 1007 1202 1004 1228 981 1228 979 1228 979 1230 979 1230 979 1230 979 1233 979 1233 979 1236 979 1236 979 1236 979 1238 979 1295 994 1360 979 1362 979 1362 979 1365 979 1365 979 1365 979 1367 979 1367 979 1367 979 1370 979 1370 979 1401 1007 1401 1007 1401 1007 1455 981 1455 981 1455 981 1458 981 1458 981 1461 981 1494 981 1494 981 1494 981 1497 981 1497 981 1497 981 1499 981 1499 981 1499 984 1525 1007 1528 1007 1582 1007 1698 1004 1735 986 1735 986 1737 986 1737 986 1737 986 1740 986 1740 986 1740 986 1742 986 1794 1004 1838 981 1838 981 1838 981 1841 981 1841 981 1841 981 1843 981 1843 981 1846 981 1846 981 1910 1004 2014 981 2014 981 2014 981 2016 981 2016 981 2019 981 2019 981 2019 981 2022 981 2022 981 2022 984 2047 1007 2047 1010 2115 1010 2117 1059 2110 1097 2047 1069 2011 1085 2011 1085 2009 1085 2009 1085 2009 1085 2006 1085 1846 1072 1810 1097 1810 1097 1810 1097 1807 1097 1807 1097 1804 1097 1804 1097 1804 1100 1732 1100 1729 1097 1729 1097 1727 1097 1727 1097 1727 1097 1724 1097 1724 1097 1693 1074 1675 1090 1673 1090 1673 1090 1673 1090 1670 1090 1670 1090 1670 1092 1667 1090 1667 1090 1665 1090 1665 1090 1665 1090 1662 1090 1642 1074 1590 1090 1587 1090 1587 1090 1585 1090 1585 1090 1585 1090 1582 1090 1582 1090 1582 1090 1579 1090 1579 1090 1561 1072 1468 1069 1354 1069 1313 1095 1311 1095 1311 1095 1311 1095 1308 1095 1308 1095 1308 1095 1305 1095 1305 1095 1305 1095 1303 1095 1230 1079 1215 1092 1215 1095 1215 1095 1212 1095 1212 1095 1212 1095 1212 1095 1210 1095 1210 1095 1210 1097 1150 1097 1148 1095 1148 1095 1145 1095 1145 1095 1145 1095 1145 1095 1142 1095 1101 1066 980 1079 980 1079 977 1079 977 1079 977 1079 974 1079 930 1066 749 1069 703 1095 700 1095 700 1095 700 1095 698 1095 698 1095 695 1095 646 1092"/></Shape>
	    <String CONTENT="qui soient en papier ou en argent."
                    HPOS="646.0"
                    VPOS="979.0"
                    WIDTH="1471.0"
                    HEIGHT="121.0"></String>
          </TextLine>

          
          
          <TextLine ID="eSc_line_0cdff001"
                    
                    BASELINE="734 1149 2102 1139" 
                    HPOS="729.0"
                    VPOS="1061.0"
                    WIDTH="1373.0"
                    HEIGHT="114.0">
            <Shape><Polygon POINTS="734 1149 729 1085 827 1069 827 1069 830 1069 830 1069 832 1069 832 1069 832 1069 835 1069 853 1082 884 1103 920 1103 964 1082 992 1069 992 1069 995 1069 995 1069 998 1069 1065 1069 1065 1069 1065 1069 1067 1069 1067 1069 1093 1079 1135 1100 1282 1100 1321 1079 1339 1069 1339 1069 1339 1069 1342 1069 1342 1069 1344 1069 1344 1069 1344 1069 1347 1069 1347 1069 1367 1079 1388 1087 1396 1077 1406 1069 1406 1066 1406 1066 1409 1066 1409 1066 1409 1066 1411 1066 1411 1066 1463 1064 1466 1064 1466 1064 1466 1064 1468 1064 1468 1064 1471 1064 1471 1064 1486 1077 1512 1097 1629 1097 1685 1074 1711 1066 1714 1066 1714 1066 1714 1066 1717 1066 1717 1066 1717 1066 1719 1066 1719 1066 1719 1066 1722 1066 1722 1066 1729 1074 1753 1095 1797 1074 1825 1061 1825 1061 1828 1061 1828 1061 1828 1061 1830 1061 1830 1061 1830 1061 1833 1061 1833 1061 1861 1074 1903 1092 1973 1074 1988 1069 1991 1069 1991 1069 1993 1069 1993 1069 1993 1069 1996 1069 1996 1069 2006 1072 2029 1082 2050 1072 2076 1061 2076 1061 2079 1061 2079 1061 2079 1061 2081 1061 2081 1061 2084 1061 2084 1061 2084 1061 2086 1061 2102 1072 2102 1139 2102 1165 734 1175"/></Shape>
	    <String CONTENT="Je lui donne également tout le"
                    HPOS="729.0"
                    VPOS="1061.0"
                    WIDTH="1373.0"
                    HEIGHT="114.0"></String>
          </TextLine>

          
          
          <TextLine ID="eSc_line_df90b683"
                    
                    BASELINE="599 1240 2055 1240" 
                    HPOS="597.0"
                    VPOS="1165.0"
                    WIDTH="1458.0"
                    HEIGHT="106.0">
            <Shape><Polygon POINTS="599 1240 597 1196 760 1193 799 1165 801 1165 801 1165 801 1165 804 1165 804 1165 806 1165 974 1165 974 1165 974 1165 977 1165 977 1165 977 1165 980 1165 1016 1188 1117 1165 1117 1165 1117 1165 1119 1165 1119 1165 1122 1165 1122 1165 1194 1196 1391 1196 1435 1165 1437 1165 1437 1165 1437 1165 1440 1165 1440 1165 1442 1165 1442 1165 1442 1165 1445 1165 1445 1165 1445 1165 1448 1165 1481 1188 1535 1165 1535 1165 1538 1165 1538 1165 1541 1165 1541 1165 1541 1165 1623 1180 1685 1165 1688 1165 1688 1165 1691 1165 1691 1165 1691 1165 1693 1165 1693 1165 1693 1165 1696 1165 1740 1196 1823 1196 1892 1165 1892 1165 1895 1165 1895 1165 1895 1165 1898 1165 1898 1165 1900 1165 1900 1165 1900 1165 1954 1193 2055 1196 2055 1240 2055 1260 1546 1268 1543 1268 1543 1268 1541 1268 1510 1258 1494 1255 1445 1258 1326 1268 1326 1268 1323 1268 1323 1268 1256 1258 1238 1255 1236 1258 1220 1268 1217 1268 1217 1268 1217 1268 1215 1268 1215 1268 1215 1271 1049 1271 1047 1268 1047 1268 1044 1268 1008 1255 1003 1255 972 1255 749 1268 747 1268 747 1268 747 1268 744 1268 744 1268 744 1268 742 1268 742 1268 726 1255 726 1255 599 1255"/></Shape>
	    <String CONTENT="mobilier que nous possedons, sous"
                    HPOS="597.0"
                    VPOS="1165.0"
                    WIDTH="1458.0"
                    HEIGHT="106.0"></String>
          </TextLine>

          
          
          <TextLine ID="eSc_line_fc290285"
                    
                    BASELINE="659 1333 2081 1333" 
                    HPOS="659.0"
                    VPOS="1260.0"
                    WIDTH="1422.0"
                    HEIGHT="93.0">
            <Shape><Polygon POINTS="659 1333 659 1268 967 1281 1003 1271 1036 1260 1039 1260 1039 1260 1039 1260 1042 1260 1042 1260 1044 1260 1083 1271 1117 1281 1148 1273 1189 1260 1192 1260 1192 1260 1194 1260 1342 1260 1342 1260 1342 1260 1344 1260 1344 1260 1344 1260 1347 1260 1347 1260 1347 1263 1360 1273 1367 1283 1404 1283 1419 1276 1453 1260 1453 1260 1455 1260 1455 1260 1455 1260 1458 1260 1458 1260 1461 1260 1461 1260 1461 1260 1463 1260 1463 1260 1481 1276 1486 1281 1499 1276 1543 1260 1543 1260 1546 1260 1546 1260 1548 1260 1548 1260 1551 1260 1551 1260 1595 1276 1605 1281 1610 1278 1634 1260 1636 1260 1636 1260 1636 1260 1639 1260 1639 1260 1642 1260 1706 1260 1706 1260 1706 1260 1709 1260 1709 1260 1755 1278 1763 1283 2081 1283 2081 1333 2081 1343 659 1353"/></Shape>
	    <String CONTENT="réserve que si elle juge d’en avoir"
                    HPOS="659.0"
                    VPOS="1260.0"
                    WIDTH="1422.0"
                    HEIGHT="93.0"></String>
          </TextLine>

          
          
          <TextLine ID="eSc_line_b7c7289f"
                    
                    BASELINE="628 1423 2040 1418" 
                    HPOS="623.0"
                    VPOS="1340.0"
                    WIDTH="1417.0"
                    HEIGHT="124.0">
            <Shape><Polygon POINTS="628 1423 623 1376 760 1374 814 1343 814 1343 814 1343 817 1343 817 1343 817 1343 819 1343 819 1343 920 1356 938 1343 941 1343 941 1343 941 1343 943 1343 943 1343 946 1343 1070 1343 1070 1343 1070 1343 1073 1343 1073 1343 1073 1343 1075 1343 1117 1371 1153 1358 1153 1358 1155 1358 1155 1358 1158 1358 1158 1358 1161 1358 1212 1371 1290 1343 1290 1343 1292 1343 1292 1343 1295 1343 1295 1343 1295 1343 1298 1343 1298 1343 1300 1343 1300 1343 1300 1345 1329 1371 1393 1351 1396 1351 1396 1351 1396 1351 1398 1351 1398 1351 1401 1351 1401 1351 1442 1366 1479 1340 1481 1340 1481 1340 1481 1340 1484 1340 1484 1340 1484 1340 1486 1340 1486 1340 1489 1340 1489 1340 1489 1340 1492 1340 1517 1358 1577 1340 1579 1340 1579 1340 1582 1340 1582 1340 1582 1340 1585 1340 1585 1340 1652 1369 1724 1364 1753 1340 1753 1340 1755 1340 1755 1340 1755 1340 1758 1340 1758 1340 1760 1340 1760 1340 1760 1340 1905 1371 2035 1371 2040 1418 2032 1449 1991 1433 1957 1449 1944 1454 1944 1454 1941 1454 1941 1454 1941 1454 1939 1454 1939 1454 1903 1449 1828 1436 1709 1446 1623 1454 1621 1454 1621 1454 1621 1454 1618 1454 1618 1454 1618 1454 1616 1454 1616 1454 1608 1446 1598 1436 1398 1436 1388 1444 1373 1457 1373 1459 1373 1459 1370 1459 1370 1459 1367 1459 1367 1459 1367 1459 1267 1462 1264 1462 1264 1462 1264 1462 1261 1462 1261 1462 1259 1462 1228 1444 1215 1436 1186 1441 1155 1449 1155 1449 1155 1449 1153 1449 1153 1449 1150 1449 1150 1449 1150 1449 1148 1449 1148 1449 1148 1446 1142 1441 1135 1436 1034 1436 1008 1441 912 1462 912 1462 912 1464 806 1464 804 1462 804 1462 801 1462 801 1462 801 1462 799 1462 765 1438 762 1438 628 1438"/></Shape>
	    <String CONTENT="en supplement, qu’elle en donne"
                    HPOS="623.0"
                    VPOS="1340.0"
                    WIDTH="1417.0"
                    HEIGHT="124.0"></String>
          </TextLine>

          
          
          <TextLine ID="eSc_line_95eceef9"
                    
                    BASELINE="607 1513 2066 1508" 
                    HPOS="599.0"
                    VPOS="1441.0"
                    WIDTH="1467.0"
                    HEIGHT="103.0">
            <Shape><Polygon POINTS="607 1513 599 1475 646 1454 646 1454 649 1454 649 1454 649 1454 651 1454 651 1454 762 1469 799 1444 801 1444 801 1444 801 1444 804 1444 804 1444 804 1444 806 1444 806 1444 809 1444 902 1469 933 1446 933 1446 936 1446 936 1446 938 1446 938 1446 938 1446 941 1446 941 1446 941 1446 943 1446 943 1446 982 1462 1135 1444 1135 1444 1137 1444 1137 1444 1137 1444 1140 1444 1140 1444 1140 1444 1142 1444 1171 1464 1246 1444 1248 1444 1248 1444 1251 1444 1251 1444 1251 1444 1254 1444 1329 1469 1406 1441 1406 1441 1409 1441 1409 1441 1411 1441 1515 1441 1515 1441 1515 1441 1517 1441 1600 1467 1688 1454 1688 1454 1691 1454 1691 1454 1797 1467 1823 1449 1825 1449 1825 1449 1825 1449 1828 1449 1828 1449 1830 1449 1830 1449 1830 1449 1833 1449 1890 1469 2060 1469 2066 1508 2060 1539 1781 1526 1569 1537 1510 1539 1507 1539 1507 1539 1476 1537 1373 1524 1303 1534 1259 1542 1259 1542 1259 1544 1142 1544 1140 1542 1140 1542 1137 1542 1137 1542 1119 1534 1101 1526 607 1529"/></Shape>
	    <String CONTENT="un peu à son frère et au mien ou à"
                    HPOS="599.0"
                    VPOS="1441.0"
                    WIDTH="1467.0"
                    HEIGHT="103.0"></String>
          </TextLine>

          
          
          <TextLine ID="eSc_line_3a7befe0"
                    
                    BASELINE="638 1596 1954 1601" 
                    HPOS="633.0"
                    VPOS="1547.0"
                    WIDTH="1321.0"
                    HEIGHT="67.0">
            <Shape><Polygon POINTS="638 1596 636 1550 1949 1547 1954 1601 1949 1614 633 1609"/></Shape>
	    <String CONTENT="ses enfants vivants et à venir."
                    HPOS="633.0"
                    VPOS="1547.0"
                    WIDTH="1321.0"
                    HEIGHT="67.0"></String>
          </TextLine>

          
          
          <TextLine ID="eSc_line_44fea2ed"
                    
                    BASELINE="693 1694 2115 1689" 
                    HPOS="687.0"
                    VPOS="1614.0"
                    WIDTH="1428.0"
                    HEIGHT="114.0">
            <Shape><Polygon POINTS="693 1694 687 1630 811 1614 811 1614 814 1614 814 1614 814 1614 817 1614 817 1614 819 1614 819 1614 819 1614 837 1630 855 1648 897 1632 910 1627 910 1627 912 1627 912 1627 915 1627 915 1627 972 1632 1122 1648 1145 1635 1179 1614 1181 1614 1181 1614 1184 1614 1184 1614 1186 1614 1393 1614 1393 1614 1393 1614 1396 1614 1396 1614 1396 1614 1398 1614 1398 1614 1424 1637 1429 1643 1551 1645 1574 1640 1621 1627 1623 1627 1623 1627 1626 1627 1626 1627 1626 1627 1701 1643 1724 1645 1729 1643 1771 1617 1773 1617 1773 1617 1776 1617 1776 1617 1776 1617 1779 1617 1779 1617 1781 1617 1877 1643 1885 1645 1890 1643 1962 1614 1962 1614 1965 1614 1965 1614 1965 1614 1967 1614 1967 1614 1970 1614 1970 1614 1970 1614 1973 1614 1973 1614 2006 1643 2110 1648 2115 1689 2112 1712 1983 1723 1980 1723 1980 1723 1980 1723 1978 1723 1978 1723 1975 1723 1975 1723 1967 1715 1949 1702 1872 1715 1859 1717 1859 1717 1856 1717 1856 1717 1838 1717 1709 1702 1639 1717 1618 1723 1618 1723 1618 1723 1616 1723 1559 1720 1419 1710 1367 1723 1357 1723 1357 1723 1357 1723 1354 1723 1354 1723 1354 1723 1352 1723 1352 1723 1349 1723 1349 1723 1349 1723 1331 1710 1205 1720 1202 1720 799 1705 693 1728"/></Shape>
	    <String CONTENT="Je laisse les terres que j’ai et qui"
                    HPOS="687.0"
                    VPOS="1614.0"
                    WIDTH="1428.0"
                    HEIGHT="114.0"></String>
          </TextLine>

          
          
          <TextLine ID="eSc_line_f02eb04f"
                    
                    BASELINE="630 1779 2125 1787" 
                    HPOS="625.0"
                    VPOS="1715.0"
                    WIDTH="1500.0"
                    HEIGHT="98.0">
            <Shape><Polygon POINTS="630 1779 625 1736 664 1715 664 1715 664 1715 667 1715 667 1715 669 1715 749 1715 749 1715 749 1715 752 1715 752 1715 752 1715 755 1715 755 1715 755 1717 775 1736 775 1736 780 1736 933 1715 936 1715 1003 1715 1003 1715 1003 1715 1005 1715 1005 1715 1005 1715 1008 1715 1042 1736 1042 1736 1049 1736 1127 1723 1127 1723 1130 1723 1130 1723 1130 1723 1132 1723 1132 1723 1161 1736 1171 1738 1181 1736 1210 1725 1212 1725 1212 1725 1212 1725 1215 1725 1347 1736 1398 1738 1409 1736 1437 1723 1437 1723 1440 1723 1440 1723 1440 1723 1442 1723 1442 1723 1442 1723 1445 1723 1445 1723 1448 1723 1448 1723 1448 1723 1461 1736 1463 1738 1476 1736 1507 1725 1510 1725 1510 1725 1510 1725 1512 1725 1512 1725 1515 1725 1515 1725 1515 1725 1517 1725 1530 1736 1538 1741 1685 1741 1696 1736 1714 1720 1714 1720 1717 1720 1717 1720 1719 1720 1719 1720 1719 1720 1722 1720 1722 1720 1812 1736 1854 1741 1898 1736 1957 1725 1957 1725 1960 1725 2125 1736 2125 1787 2117 1813 2091 1800 1918 1813 1890 1813 1887 1813 1887 1813 1872 1813 1784 1800 1745 1810 1737 1813 1735 1813 1735 1813 1735 1813 1732 1813 1732 1813 1729 1813 1729 1813 1729 1813 1727 1813 1727 1813 1727 1810 1709 1800 1357 1810 1292 1810 1290 1810 1264 1810 1098 1795 1044 1808 1044 1808 1042 1808 1042 1808 1039 1808 1039 1808 1039 1808 1036 1808 1036 1808 1036 1808 1036 1808 1011 1795 628 1805"/></Shape>
	    <String CONTENT="peuvent me venir, à mon frère Germain"
                    HPOS="625.0"
                    VPOS="1715.0"
                    WIDTH="1500.0"
                    HEIGHT="98.0"></String>
          </TextLine>

          
          
          <TextLine ID="eSc_line_b26fdff7"
                    
                    BASELINE="649 1867 2029 1872" 
                    HPOS="646.0"
                    VPOS="1798.0"
                    WIDTH="1383.0"
                    HEIGHT="105.0">
            <Shape><Polygon POINTS="649 1867 646 1823 780 1808 780 1808 783 1808 783 1808 786 1808 786 1808 786 1808 788 1808 788 1808 788 1810 799 1818 871 1798 874 1798 874 1798 876 1798 876 1798 876 1798 879 1798 879 1798 879 1798 881 1798 881 1798 905 1818 912 1826 1205 1826 1264 1810 1336 1798 1336 1798 1336 1798 1339 1798 1339 1798 1342 1798 1342 1798 1342 1798 1344 1798 1362 1810 1388 1826 1502 1823 1520 1808 1525 1803 1525 1803 1528 1803 1528 1803 1528 1803 1530 1803 1530 1803 1530 1803 1533 1803 1533 1803 1535 1803 1535 1803 1548 1808 1595 1826 1639 1805 1652 1800 1652 1800 1652 1800 1654 1800 1654 1800 1657 1800 1657 1800 1704 1805 1903 1826 1934 1803 1934 1803 1936 1803 1936 1803 1939 1803 1939 1803 1939 1803 2024 1800 2029 1872 2027 1888 1810 1888 1810 1888 1781 1901 1781 1901 1781 1901 1779 1901 1779 1901 1776 1901 1776 1901 1776 1901 1773 1901 1773 1901 1771 1901 1750 1888 1750 1888 1729 1888 1551 1901 1551 1903 1360 1903 1357 1901 1357 1901 1354 1901 1354 1901 1354 1901 1352 1901 1352 1901 1342 1891 1336 1885 1326 1891 1311 1898 1311 1898 1311 1898 1308 1898 1308 1898 1305 1898 1305 1898 1305 1898 1303 1898 1303 1898 1303 1898 1300 1898 1290 1891 1282 1885 1274 1891 1259 1898 1259 1898 1259 1898 1256 1898 1256 1898 1254 1898 1254 1898 1184 1891 1119 1885 646 1893"/></Shape>
	    <String CONTENT="Fontaine ou à ses enfants vivants"
                    HPOS="646.0"
                    VPOS="1798.0"
                    WIDTH="1383.0"
                    HEIGHT="105.0"></String>
          </TextLine>

          
          
          <TextLine ID="eSc_line_04c8ed4a"
                    
                    BASELINE="646 1963 1130 1968" 
                    HPOS="641.0"
                    VPOS="1896.0"
                    WIDTH="489.0"
                    HEIGHT="88.0">
            <Shape><Polygon POINTS="646 1963 643 1916 752 1896 752 1896 755 1896 755 1896 755 1896 757 1896 822 1916 822 1916 822 1916 915 1898 915 1898 917 1898 917 1898 1127 1922 1130 1968 1124 1984 641 1976"/></Shape>
	    <String CONTENT="et à venir."
                    HPOS="641.0"
                    VPOS="1896.0"
                    WIDTH="489.0"
                    HEIGHT="88.0"></String>
          </TextLine>

          
          
          <TextLine ID="eSc_line_86c78091"
                    
                    BASELINE="933 2141 1916 2146" 
                    HPOS="928.0"
                    VPOS="2046.0"
                    WIDTH="988.0"
                    HEIGHT="126.0">
            <Shape><Polygon POINTS="933 2141 936 2046 1016 2069 1106 2071 1130 2053 1130 2051 1130 2051 1132 2051 1132 2051 1135 2051 1135 2051 1135 2051 1137 2051 1137 2051 1140 2051 1140 2051 1140 2051 1197 2079 1386 2069 1388 2069 1388 2069 1388 2069 1391 2069 1429 2084 1463 2084 1502 2051 1502 2051 1504 2051 1504 2051 1504 2051 1507 2051 1507 2051 1510 2051 1916 2051 1916 2146 1913 2157 1729 2172 1727 2172 928 2164"/></Shape>
	    <String CONTENT="Fait au fort du Mont"
                    HPOS="928.0"
                    VPOS="2046.0"
                    WIDTH="988.0"
                    HEIGHT="126.0"></String>
          </TextLine>

          
          
          <TextLine ID="eSc_line_a3ba0a93"
                    
                    BASELINE="799 2234 1916 2229" 
                    HPOS="788.0"
                    VPOS="2149.0"
                    WIDTH="1128.0"
                    HEIGHT="114.0">
            <Shape><Polygon POINTS="799 2234 788 2177 814 2154 814 2151 817 2151 817 2151 817 2151 819 2151 819 2151 822 2151 915 2151 915 2151 915 2151 917 2151 917 2151 920 2151 964 2177 980 2188 1070 2188 1080 2177 1106 2159 1106 2159 1109 2159 1109 2159 1109 2159 1111 2159 1111 2159 1114 2159 1114 2159 1114 2159 1117 2159 1117 2159 1117 2159 1119 2159 1119 2159 1142 2180 1148 2185 1326 2185 1336 2180 1401 2149 1401 2149 1401 2149 1404 2149 1404 2149 1406 2149 1406 2149 1406 2149 1409 2149 1466 2167 1546 2149 1546 2149 1546 2149 1548 2149 1548 2149 1548 2149 1551 2149 1551 2149 1551 2149 1610 2180 1667 2170 1667 2170 1667 2170 1670 2170 1670 2170 1771 2182 1807 2151 1807 2149 1807 2149 1810 2149 1810 2149 1810 2149 1812 2149 1812 2149 1815 2149 1851 2149 1851 2149 1851 2149 1854 2149 1854 2149 1854 2149 1856 2149 1916 2185 1916 2229 1913 2263 799 2263"/></Shape>
	    <String CONTENT="le vingt quatre Novembre"
                    HPOS="788.0"
                    VPOS="2149.0"
                    WIDTH="1128.0"
                    HEIGHT="114.0"></String>
          </TextLine>

          
          
          <TextLine ID="eSc_line_60d57ad3"
                    
                    BASELINE="801 2330 1975 2330" 
                    HPOS="799.0"
                    VPOS="2257.0"
                    WIDTH="1176.0"
                    HEIGHT="114.0">
            <Shape><Polygon POINTS="801 2330 801 2281 951 2281 956 2275 992 2257 992 2257 992 2257 995 2257 995 2257 998 2257 1055 2257 1055 2257 1055 2257 1057 2257 1057 2257 1057 2257 1060 2257 1060 2257 1060 2260 1075 2275 1080 2278 1091 2273 1132 2260 1135 2260 1135 2260 1135 2260 1137 2260 1137 2260 1207 2273 1248 2278 1295 2270 1373 2257 1373 2257 1375 2257 1375 2257 1375 2257 1378 2257 1378 2257 1380 2257 1380 2257 1393 2268 1404 2275 1435 2268 1445 2265 1448 2265 1448 2265 1450 2265 1450 2265 1450 2265 1453 2265 1453 2265 1461 2268 1486 2278 1512 2265 1530 2257 1530 2257 1530 2257 1533 2257 1533 2257 1533 2257 1535 2257 1626 2265 1763 2275 1784 2263 1786 2257 1786 2257 1789 2257 1789 2257 1789 2257 1791 2257 1791 2257 1794 2257 1843 2257 1843 2257 1843 2257 1859 2260 1939 2278 1967 2257 1975 2330 1967 2356 1960 2348 1944 2356 1921 2368 1921 2368 1921 2368 1918 2368 1918 2368 1918 2371 1856 2371 1854 2368 1854 2368 1794 2356 1760 2348 1688 2353 1530 2368 1530 2368 1528 2368 1528 2368 1525 2368 1525 2368 1525 2368 1523 2368 1523 2368 1504 2353 1497 2348 1347 2348 1339 2350 1313 2368 1311 2368 1311 2368 1311 2368 1308 2368 1308 2368 1308 2371 1246 2371 1243 2368 1243 2368 1241 2368 1241 2368 1197 2350 1189 2348 1173 2350 1106 2361 1106 2361 1104 2361 1104 2361 1011 2348 1000 2348 995 2348 951 2363 949 2363 949 2363 949 2363 946 2363 946 2363 799 2345"/></Shape>
	    <String CONTENT="mille neuf cent quatorze"
                    HPOS="799.0"
                    VPOS="2257.0"
                    WIDTH="1176.0"
                    HEIGHT="114.0"></String>
          </TextLine>

          
          
          <TextLine ID="eSc_line_eda585d1"
                    
                    BASELINE="946 2521 1988 2518" 
                    HPOS="941.0"
                    VPOS="2436.0"
                    WIDTH="1047.0"
                    HEIGHT="113.0">
            <Shape><Polygon POINTS="946 2521 941 2438 1029 2436 1031 2436 1031 2436 1031 2436 1034 2436 1052 2441 1127 2467 1168 2446 1189 2436 1189 2436 1189 2436 1192 2436 1192 2436 1194 2436 1256 2436 1256 2436 1256 2436 1259 2436 1259 2436 1259 2436 1261 2436 1279 2449 1300 2464 1375 2454 1378 2454 1378 2454 1380 2454 1380 2454 1380 2454 1383 2454 1383 2454 1448 2477 1538 2477 1554 2459 1556 2459 1556 2456 1556 2456 1559 2456 1559 2456 1559 2456 1561 2456 1561 2456 1564 2456 1564 2456 1564 2456 1567 2456 1567 2456 1579 2461 1592 2467 1595 2461 1621 2438 1621 2436 1621 2436 1623 2436 1623 2436 1623 2436 1626 2436 1626 2436 1629 2436 1629 2436 1629 2436 1631 2436 1688 2454 1717 2436 1719 2436 1719 2436 1719 2436 1722 2436 1722 2436 1724 2436 1724 2436 1724 2436 1727 2436 1727 2436 1727 2436 1786 2469 1802 2477 1983 2477 1988 2518 1985 2544 1737 2531 1724 2542 1722 2544 1722 2547 1722 2547 1719 2547 1719 2547 1719 2547 1717 2547 1717 2547 1717 2549 1520 2549 1517 2547 1517 2547 1515 2547 1515 2547 1515 2547 1512 2547 1512 2547 1512 2544 1504 2539 1497 2531 1316 2531 1305 2536 1292 2547 1290 2547 1290 2547 1290 2547 1287 2547 1287 2547 1287 2547 1285 2547 1285 2547 1217 2536 1186 2531 1166 2534 1119 2547 1117 2547 1117 2547 1114 2547 1114 2547 1111 2547 1111 2547 1078 2534 1067 2531 1057 2534 1013 2547 1011 2547 1011 2547 1008 2547 1008 2547 1008 2547 943 2531"/></Shape>
	    <String CONTENT="Fontaine Joseph"
                    HPOS="941.0"
                    VPOS="2436.0"
                    WIDTH="1047.0"
                    HEIGHT="113.0"></String>
          </TextLine>

          
        </TextBlock>
        
        <TextBlock HPOS="594"
                   VPOS="10"
                   WIDTH="10"
                   HEIGHT="6"
                   ID="eSc_textblock_158a7609"
                   TAGREFS="BT">
          <Shape><Polygon POINTS="599 10 604 16 594 16"/></Shape>
          
        </TextBlock>
        

        
      </PrintSpace>
    </Page>
  </Layout>
</alto>
