<?xml version="1.0" encoding="UTF-8"?>
<alto xmlns:xsi="http://www.w3.org/2001/XMLSchema-instance"
      xmlns="http://www.loc.gov/standards/alto/ns-v4#"
      xsi:schemaLocation="http://www.loc.gov/standards/alto/ns-v4# http://www.loc.gov/standards/alto/v4/alto-4-2.xsd">
  <Description>
    <MeasurementUnit>pixel</MeasurementUnit>
    <sourceImageInformation>
      <fileName>TestamentsDePoilus_will_AN_0182-2.jpg</fileName>
      
    </sourceImageInformation>
  </Description>
  
  <Layout>
    <Page WIDTH="1476"
          HEIGHT="2263"
          PHYSICAL_IMG_NR="51"
          ID="eSc_dummypage_">
      <PrintSpace HPOS="0"
                  VPOS="0"
                  WIDTH="1476"
                  HEIGHT="2263">
        
        <TextBlock HPOS="15"
                   VPOS="203"
                   WIDTH="1385"
                   HEIGHT="1967"
                   ID="eSc_textblock_46678f72"
                   TAGREFS="BT">
          <Shape><Polygon POINTS="1362 1205 1287 1272 1279 1250 1206 1250 1113 1295 1249 1312 1287 1282 1340 1335 1400 1599 1377 1667 1392 1959 1228 2019 1174 2140 1090 2170 113 2170 75 2059 15 2034 60 2019 67 1953 143 1908 300 1916 407 1868 390 1793 135 1725 166 1674 120 1597 120 1139 188 805 196 241 1258 203 1325 211 1370 286 1385 533 1325 731"/></Shape>
          
          
          <TextLine ID="eSc_line_0ea52b9e"
                    
                    BASELINE="205 292 1319 282" 
                    HPOS="203.0"
                    VPOS="226.0"
                    WIDTH="1122.0"
                    HEIGHT="88.0">
            <Shape><Polygon POINTS="205 292 203 235 251 243 277 235 285 233 286 233 286 233 286 233 288 233 288 233 290 233 300 235 366 256 383 241 383 241 385 241 385 241 385 241 386 241 386 241 386 241 388 241 388 241 390 241 419 248 430 237 436 233 436 231 436 231 437 231 437 231 437 231 439 231 439 231 441 231 441 231 441 231 443 231 443 231 443 231 445 231 452 237 477 254 498 243 498 243 498 243 500 243 500 243 500 243 502 243 502 243 536 247 545 239 553 233 553 231 553 231 554 231 554 231 556 231 556 231 556 231 647 230 649 230 683 231 683 231 683 231 685 231 685 231 685 231 687 231 687 231 698 241 711 254 773 254 788 243 804 231 805 231 805 231 805 231 807 231 807 231 807 231 809 231 809 231 811 231 811 231 811 231 813 231 813 231 826 243 836 250 845 243 858 233 858 233 860 233 860 233 862 233 862 233 862 233 864 233 864 233 866 233 866 233 866 233 868 233 868 233 881 243 890 252 956 252 962 245 975 233 975 231 975 231 977 231 977 231 977 231 979 231 979 231 979 231 981 231 981 231 983 231 983 231 983 231 985 231 1006 245 1013 250 1026 245 1053 235 1053 235 1055 235 1055 235 1056 235 1056 235 1056 235 1100 245 1121 228 1121 226 1121 226 1123 226 1123 226 1123 226 1124 226 1124 226 1126 226 1126 226 1126 226 1128 226 1194 248 1196 248 1198 248 1240 226 1240 226 1240 226 1241 226 1241 226 1241 226 1243 226 1243 226 1245 226 1245 226 1245 226 1247 226 1247 226 1275 248 1275 250 1315 250 1319 282 1325 294 1315 305 1313 305 1313 307 1313 307 1311 307 1311 307 1311 307 1309 307 1309 307 1309 309 1245 309 1243 307 1243 307 1194 296 1187 296 1036 296 1028 299 1019 307 1017 307 1017 307 1017 307 1015 307 1015 307 1015 307 1013 307 1013 307 968 301 934 296 928 301 921 307 921 309 921 309 919 309 919 309 919 309 917 309 917 309 915 309 915 309 915 309 913 309 913 309 896 301 887 297 883 303 875 309 875 311 875 311 873 311 873 311 873 311 872 311 872 311 872 313 836 313 834 311 753 305 654 297 611 307 587 313 587 313 587 313 585 313 585 313 556 309 498 299 413 311 411 311 411 311 409 311 409 311 407 311 296 301 205 314"/></Shape>
	    <String CONTENT="Ceci est écrit en hàte, la veille de"
                    HPOS="203.0"
                    VPOS="226.0"
                    WIDTH="1122.0"
                    HEIGHT="88.0"></String>
          </TextLine>

          
          
          <TextLine ID="eSc_line_86ddd2d8"
                    
                    BASELINE="215 397 1141 396" 
                    HPOS="211.0"
                    VPOS="335.0"
                    WIDTH="930.0"
                    HEIGHT="106.0">
            <Shape><Polygon POINTS="215 397 211 337 252 335 254 335 254 335 254 335 256 335 256 335 260 337 303 356 400 356 426 337 428 335 430 335 430 335 430 335 432 335 432 335 434 335 434 335 434 335 436 335 445 337 496 354 532 339 539 335 539 335 541 335 541 335 541 335 543 335 543 335 545 335 558 339 598 350 713 339 730 339 730 339 732 339 732 339 734 339 734 339 734 339 736 339 736 339 736 339 736 341 751 354 787 341 802 335 802 335 804 335 804 335 805 335 919 335 919 335 919 335 921 335 941 341 983 354 1113 354 1134 343 1141 396 1141 407 919 412 911 416 841 439 839 439 839 439 839 439 838 439 838 439 838 439 766 422 741 416 696 424 603 441 603 441 602 441 602 441 602 441 600 441 558 429 492 411 460 433 454 437 452 437 452 437 452 437 451 437 451 437 449 437 449 437 449 437 432 433 385 424 215 441"/></Shape>
	    <String CONTENT="mon départ pour la guerre -"
                    HPOS="211.0"
                    VPOS="335.0"
                    WIDTH="930.0"
                    HEIGHT="106.0"></String>
          </TextLine>

          
          
          <TextLine ID="eSc_line_5881ee44"
                    
                    BASELINE="286 501 1364 503" 
                    HPOS="283.0"
                    VPOS="450.0"
                    WIDTH="1081.0"
                    HEIGHT="83.0">
            <Shape><Polygon POINTS="286 501 285 456 318 450 318 450 320 450 320 450 320 450 322 450 322 450 322 450 324 450 330 456 351 469 383 456 398 450 398 450 400 450 400 450 400 450 402 450 402 450 403 450 428 456 479 469 505 456 520 450 520 450 520 450 522 450 522 450 524 450 619 450 619 450 619 450 620 450 620 450 620 450 622 450 622 450 622 452 630 458 643 471 754 471 777 458 779 458 779 458 779 458 781 458 781 458 783 458 783 458 785 458 785 458 788 458 805 465 817 460 821 456 822 456 822 456 822 456 824 456 824 456 826 456 826 456 826 456 828 456 828 456 828 456 834 460 853 469 938 469 955 460 970 452 970 452 970 452 972 452 972 452 972 452 973 452 973 452 975 452 1006 460 1041 471 1081 471 1090 462 1100 454 1100 452 1100 452 1102 452 1102 452 1102 452 1104 452 1104 452 1106 452 1106 452 1106 452 1151 462 1189 469 1226 462 1281 450 1281 450 1281 450 1283 450 1283 450 1362 463 1364 503 1360 528 1241 514 1107 529 1066 533 1066 533 1064 533 1064 533 1062 533 1062 533 1062 533 1060 533 1060 533 1060 531 1056 529 1047 520 1019 526 1019 526 1019 526 1017 526 1017 526 1017 526 1015 526 1015 526 990 514 958 529 951 533 951 533 951 533 949 533 949 533 947 533 947 533 947 533 945 533 945 533 945 533 943 533 943 533 939 529 919 514 877 514 851 529 847 533 845 533 845 533 845 533 843 533 843 533 841 533 841 533 841 533 839 533 839 533 839 533 834 529 804 514 719 524 719 524 717 524 579 514 549 524 547 524 547 524 547 524 545 524 475 520 445 531 441 533 441 533 439 533 439 533 437 533 283 531"/></Shape>
	    <String CONTENT="Je demande à ceux que je ne cite"
                    HPOS="283.0"
                    VPOS="450.0"
                    WIDTH="1081.0"
                    HEIGHT="83.0"></String>
          </TextLine>

          
          
          <TextLine ID="eSc_line_008bde8a"
                    
                    BASELINE="645 458 839 452" 
                    HPOS="639.0"
                    VPOS="407.0"
                    WIDTH="200.0"
                    HEIGHT="77.0">
            <Shape><Polygon POINTS="645 458 639 422 719 407 719 407 719 407 721 407 836 416 839 452 839 465 645 484"/></Shape>
	    <String CONTENT="pardon"
                    HPOS="639.0"
                    VPOS="407.0"
                    WIDTH="200.0"
                    HEIGHT="77.0"></String>
          </TextLine>

          
          
          <TextLine ID="eSc_line_c6be1e61"
                    
                    BASELINE="239 614 1247 605" 
                    HPOS="235.0"
                    VPOS="545.0"
                    WIDTH="1012.0"
                    HEIGHT="99.0">
            <Shape><Polygon POINTS="239 614 235 552 285 552 285 552 285 552 286 552 286 552 286 552 286 552 339 578 500 565 502 565 502 565 502 565 570 577 622 561 624 561 624 561 624 561 626 561 834 573 864 556 875 550 875 550 875 550 877 550 877 550 877 550 879 550 879 550 879 550 881 550 900 556 904 558 909 556 936 546 936 546 938 546 938 546 939 546 939 546 939 546 941 546 941 546 943 546 943 546 943 548 955 558 973 575 1009 575 1030 558 1045 545 1045 545 1047 545 1047 545 1047 545 1049 545 1049 545 1051 545 1051 545 1051 545 1053 545 1053 545 1073 554 1087 545 1089 545 1089 545 1089 545 1090 545 1090 545 1092 545 1207 545 1207 545 1207 545 1209 545 1209 545 1245 560 1247 605 1247 616 1062 618 1058 622 1047 633 1047 635 1047 635 1045 635 1045 635 1045 635 1043 635 1043 635 1041 635 1041 635 1041 635 1039 635 1002 624 992 622 853 622 838 629 815 639 815 639 815 639 813 639 813 639 813 641 704 641 702 639 702 639 700 639 677 633 645 624 634 635 628 639 628 641 628 641 626 641 626 641 626 641 624 641 624 641 624 641 622 641 549 637 458 631 447 639 443 643 443 643 441 643 441 643 441 643 439 643 439 643 439 643 437 643 407 641 335 635 239 644"/></Shape>
	    <String CONTENT="pas - mais j’écris ceci à la hâte."
                    HPOS="235.0"
                    VPOS="545.0"
                    WIDTH="1012.0"
                    HEIGHT="99.0"></String>
          </TextLine>

          
          
          <TextLine ID="eSc_line_7b34f8f9"
                    
                    BASELINE="222 714 1264 714" 
                    HPOS="222.0"
                    VPOS="635.0"
                    WIDTH="1042.0"
                    HEIGHT="106.0">
            <Shape><Polygon POINTS="222 714 222 656 313 656 313 654 324 644 324 643 324 643 326 643 326 643 326 643 328 643 328 643 328 643 330 643 330 643 396 654 420 635 420 635 422 635 422 635 422 635 424 635 424 635 426 635 503 635 503 635 503 635 505 635 505 635 505 635 507 635 534 654 536 656 587 656 587 654 600 643 600 641 600 641 602 641 602 641 602 641 603 641 603 641 603 641 605 641 605 641 607 641 607 641 634 650 670 635 670 635 671 635 671 635 671 635 673 635 673 635 673 635 732 648 756 637 756 637 756 637 758 637 758 637 760 637 760 637 843 648 888 639 888 639 888 639 890 639 890 639 890 639 892 639 892 639 894 639 894 639 913 654 915 656 939 656 939 654 953 643 953 641 953 641 955 641 955 641 955 641 956 641 956 641 958 641 958 641 1049 648 1145 635 1145 635 1147 635 1147 635 1264 654 1264 714 1262 739 1196 726 1177 735 1177 735 1177 735 1175 735 1175 735 1174 735 1174 735 1174 735 1172 735 1172 735 1147 726 1009 726 994 737 994 737 992 737 992 737 992 737 990 737 990 737 989 737 989 737 989 737 945 727 932 737 932 739 932 739 930 739 930 739 930 739 928 739 928 739 926 739 926 739 926 739 924 739 921 737 883 726 705 726 692 737 690 739 690 739 688 739 688 739 688 739 687 739 687 739 685 739 685 739 662 737 581 726 536 735 534 735 534 735 534 735 532 735 532 735 530 735 452 727 445 735 441 737 441 739 441 739 439 739 439 739 439 739 437 739 437 739 437 741 377 741 375 739 375 739 373 739 373 739 364 735 341 726 222 733"/></Shape>
	    <String CONTENT="ma bicyclette au fils de la mère Richard."
                    HPOS="222.0"
                    VPOS="635.0"
                    WIDTH="1042.0"
                    HEIGHT="106.0"></String>
          </TextLine>

          
          
          <TextLine ID="eSc_line_693ad6d9"
                    
                    BASELINE="230 822 1277 827" 
                    HPOS="224.0"
                    VPOS="769.0"
                    WIDTH="1053.0"
                    HEIGHT="81.0">
            <Shape><Polygon POINTS="230 822 224 790 251 769 251 769 252 769 252 769 252 769 254 769 254 769 256 769 256 769 256 769 258 769 318 790 322 790 339 790 436 780 436 780 437 780 437 780 439 780 468 788 479 790 486 786 522 771 522 771 524 771 524 771 524 771 526 771 526 771 528 771 577 786 600 793 643 793 658 784 679 771 681 771 681 771 683 771 683 771 683 771 685 771 685 771 760 782 815 792 877 782 879 782 879 782 881 782 881 782 881 782 881 782 945 795 983 795 998 780 1004 775 1004 773 1004 773 1006 773 1006 773 1006 773 1007 773 1007 773 1009 773 1106 773 1106 773 1106 773 1107 773 1107 773 1107 773 1109 773 1109 773 1109 775 1115 778 1124 788 1177 776 1204 773 1204 773 1204 773 1206 773 1206 773 1207 773 1207 773 1207 773 1209 773 1209 773 1213 776 1234 792 1274 776 1277 827 1275 833 1021 848 1019 848 1019 848 922 839 858 833 826 841 804 846 802 846 802 846 800 846 800 846 758 841 690 833 605 844 594 844 594 844 592 844 592 844 585 844 513 831 498 844 494 848 494 850 494 850 492 850 492 850 492 850 490 850 490 850 488 850 226 848"/></Shape>
	    <String CONTENT="Que ma mère donne ma toile du"
                    HPOS="224.0"
                    VPOS="769.0"
                    WIDTH="1053.0"
                    HEIGHT="81.0"></String>
          </TextLine>

          
          
          <TextLine ID="eSc_line_50693ecc"
                    
                    BASELINE="183 937 1292 929" 
                    HPOS="179.0"
                    VPOS="871.0"
                    WIDTH="1113.0"
                    HEIGHT="102.0">
            <Shape><Polygon POINTS="183 937 179 878 237 876 239 876 239 876 241 876 241 876 241 876 243 876 243 876 243 878 271 899 301 888 301 888 303 888 303 888 305 888 305 888 305 888 307 888 347 903 430 903 479 878 485 875 485 875 485 875 486 875 486 875 488 875 488 875 488 875 490 875 490 875 498 878 520 888 562 878 577 875 577 875 577 875 579 875 579 875 579 875 581 875 581 875 581 875 583 875 583 875 583 876 585 878 598 891 656 901 704 901 730 878 732 875 732 875 732 875 734 875 734 875 734 875 736 875 736 875 762 873 764 873 798 873 798 873 798 873 800 873 800 873 800 873 802 873 809 878 839 897 860 878 862 876 862 875 862 875 864 875 864 875 866 875 866 875 866 875 868 875 868 875 870 875 870 875 870 875 872 875 875 878 909 897 1096 897 1130 878 1130 876 1132 876 1132 876 1134 876 1134 876 1134 876 1136 876 1136 876 1136 876 1138 876 1141 878 1183 891 1200 878 1207 871 1207 871 1209 871 1209 871 1209 871 1211 871 1211 871 1213 871 1213 871 1289 878 1292 929 1291 967 1204 967 1202 965 1202 965 1200 965 1200 965 1198 965 1198 965 1166 941 1117 958 1115 958 1115 958 1115 958 1113 958 1113 958 1111 958 1111 958 1073 942 1047 954 1047 954 1045 954 1045 954 1045 954 1043 954 890 948 851 965 851 965 849 965 849 965 849 965 847 965 847 965 845 965 845 965 845 965 843 965 843 965 811 939 745 939 724 952 722 952 722 952 722 952 721 952 721 952 721 952 719 952 719 952 717 952 717 952 717 952 692 941 656 950 654 950 654 950 654 950 653 950 653 950 651 950 651 950 630 942 598 959 598 959 598 959 596 959 596 959 594 959 594 959 594 959 502 941 394 956 394 956 392 956 277 950 235 971 235 971 235 971 234 971 234 971 234 971 183 973"/></Shape>
	    <String CONTENT="Concours de Rome - La passion de la"
                    HPOS="179.0"
                    VPOS="871.0"
                    WIDTH="1113.0"
                    HEIGHT="102.0"></String>
          </TextLine>

          
          
          <TextLine ID="eSc_line_cc87ab4e"
                    
                    BASELINE="166 1039 1321 1044" 
                    HPOS="166.0"
                    VPOS="982.0"
                    WIDTH="1155.0"
                    HEIGHT="94.0">
            <Shape><Polygon POINTS="166 1039 166 982 258 984 258 984 258 984 260 984 260 984 313 1008 517 1008 536 995 537 995 537 995 537 995 539 995 539 995 541 995 541 995 543 995 570 1001 660 986 660 986 662 986 662 986 662 986 664 986 664 986 666 986 666 986 694 1008 732 1008 802 986 804 986 804 986 804 986 805 986 872 986 872 986 872 986 873 986 873 986 873 986 873 986 875 986 875 986 875 988 900 1008 977 993 977 993 977 993 979 993 979 993 981 993 981 993 981 993 983 993 983 993 983 995 1002 1010 1072 1008 1090 990 1090 988 1090 988 1092 988 1092 988 1092 988 1094 988 1094 988 1094 988 1096 988 1096 988 1174 999 1245 993 1245 993 1247 993 1247 993 1249 993 1249 993 1285 1007 1313 988 1321 1044 1319 1076 1281 1076 1279 1074 1279 1074 1279 1074 1277 1074 1277 1074 1277 1074 1232 1054 1209 1061 1207 1061 1207 1061 1207 1061 1206 1061 919 1052 800 1056 779 1073 779 1073 777 1073 777 1073 777 1073 775 1073 775 1073 775 1073 773 1073 773 1073 768 1073 671 1057 656 1071 656 1073 656 1073 656 1073 654 1073 654 1073 654 1073 653 1073 653 1073 653 1074 622 1074 620 1073 620 1073 619 1073 619 1073 615 1073 566 1054 537 1071 536 1071 536 1071 536 1071 536 1071 534 1071 534 1071 532 1071 532 1071 532 1071 530 1071 441 1054 286 1071 273 1071 273 1071 271 1071 271 1071 269 1071 269 1071 269 1071 268 1071 232 1052 166 1069"/></Shape>
	    <String CONTENT="Vierge - à quelque église où elle sera"
                    HPOS="166.0"
                    VPOS="982.0"
                    WIDTH="1155.0"
                    HEIGHT="94.0"></String>
          </TextLine>

          
          
          <TextLine ID="eSc_line_f4045f6f"
                    
                    BASELINE="160 1142 1347 1152" 
                    HPOS="158.0"
                    VPOS="1091.0"
                    WIDTH="1189.0"
                    HEIGHT="81.0">
            <Shape><Polygon POINTS="160 1142 158 1106 228 1091 228 1091 228 1091 230 1091 230 1091 232 1091 232 1091 232 1091 234 1091 256 1106 268 1112 368 1108 479 1103 481 1103 481 1103 481 1103 483 1103 483 1103 485 1103 494 1108 505 1116 575 1116 587 1110 607 1101 607 1101 609 1101 609 1101 609 1101 611 1101 611 1101 611 1101 656 1110 679 1116 685 1110 702 1097 702 1095 702 1095 704 1095 704 1095 704 1095 705 1095 705 1095 707 1095 741 1095 741 1095 741 1095 743 1095 743 1095 743 1095 777 1112 787 1116 796 1112 824 1099 824 1099 826 1099 826 1099 828 1099 875 1099 875 1099 875 1099 877 1099 877 1099 877 1099 879 1099 879 1099 896 1112 904 1120 994 1120 1002 1114 1026 1097 1028 1097 1028 1097 1028 1097 1030 1097 1030 1097 1032 1097 1081 1097 1081 1097 1166 1099 1166 1099 1166 1099 1168 1099 1168 1099 1209 1116 1221 1120 1232 1116 1266 1105 1268 1105 1268 1105 1268 1105 1270 1105 1270 1105 1272 1105 1272 1105 1302 1116 1311 1120 1343 1118 1347 1152 1343 1165 1140 1161 1123 1165 1079 1172 1079 1172 1079 1172 1077 1172 1077 1172 1075 1172 1075 1172 1075 1172 1073 1172 1060 1163 1053 1159 973 1159 960 1163 930 1172 928 1172 928 1172 928 1172 926 1172 926 1172 864 1161 845 1159 841 1161 830 1171 828 1171 828 1171 828 1171 826 1171 826 1171 826 1172 751 1172 749 1171 749 1171 747 1171 747 1171 745 1171 730 1161 726 1159 687 1161 596 1165 594 1165 594 1165 594 1165 592 1165 592 1165 592 1165 590 1165 583 1159 577 1156 562 1159 537 1167 536 1167 536 1167 534 1167 534 1167 534 1167 532 1167 532 1167 530 1167 519 1159 513 1157 511 1159 505 1163 505 1165 505 1165 503 1165 503 1165 503 1165 502 1165 502 1165 502 1165 400 1169 398 1169 158 1156"/></Shape>
	    <String CONTENT="bien exposée - en bon jour - la lumière"
                    HPOS="158.0"
                    VPOS="1091.0"
                    WIDTH="1189.0"
                    HEIGHT="81.0"></String>
          </TextLine>

          
          
          <TextLine ID="eSc_line_cfc4b5ec"
                    
                    BASELINE="171 1259 930 1254" 
                    HPOS="166.0"
                    VPOS="1199.0"
                    WIDTH="764.0"
                    HEIGHT="85.0">
            <Shape><Polygon POINTS="171 1259 166 1218 217 1205 218 1205 218 1205 220 1205 220 1205 286 1216 320 1222 328 1216 343 1205 345 1205 345 1205 345 1205 347 1205 347 1205 349 1205 349 1205 413 1210 419 1203 420 1203 420 1201 420 1201 422 1201 422 1201 422 1201 424 1201 424 1201 426 1201 530 1201 530 1201 530 1201 532 1201 532 1201 532 1201 534 1201 534 1201 547 1214 554 1220 577 1212 600 1206 602 1206 602 1206 603 1206 603 1206 658 1212 683 1214 692 1212 728 1199 728 1199 730 1199 730 1199 732 1199 732 1199 732 1199 734 1199 773 1210 800 1218 924 1210 930 1254 930 1267 879 1278 879 1278 879 1278 877 1278 877 1278 875 1278 875 1278 875 1278 873 1278 856 1267 849 1263 819 1267 781 1272 781 1272 779 1272 779 1272 777 1272 756 1267 747 1265 743 1267 728 1278 726 1278 726 1278 726 1278 724 1278 724 1278 724 1278 722 1278 722 1278 653 1267 649 1267 647 1267 609 1282 609 1282 607 1282 607 1282 607 1284 528 1284 526 1282 526 1282 524 1282 524 1282 524 1282 522 1282 522 1282 505 1267 503 1267 502 1267 422 1276 422 1276 420 1276 420 1276 419 1276 419 1276 419 1276 417 1276 417 1276 417 1274 407 1267 347 1284 345 1284 345 1284 343 1284 343 1284 343 1284 341 1284 341 1284 341 1284 339 1284 339 1284 320 1267 169 1265"/></Shape>
	    <String CONTENT="venant de la gauche -"
                    HPOS="166.0"
                    VPOS="1199.0"
                    WIDTH="764.0"
                    HEIGHT="85.0"></String>
          </TextLine>

          
          
          <TextLine ID="eSc_line_09f1d80e"
                    
                    BASELINE="167 1463 400 1476 1313 1470" 
                    HPOS="166.0"
                    VPOS="1408.0"
                    WIDTH="1147.0"
                    HEIGHT="98.0">
            <Shape><Polygon POINTS="167 1463 166 1408 243 1408 243 1408 243 1408 245 1408 245 1408 247 1408 247 1408 247 1408 264 1421 281 1412 281 1412 281 1412 283 1412 283 1412 283 1412 285 1412 285 1412 286 1412 286 1412 286 1412 288 1412 288 1412 315 1435 383 1410 388 1408 388 1408 390 1408 390 1408 392 1408 462 1408 462 1408 462 1408 464 1408 473 1412 549 1437 641 1437 700 1414 702 1414 702 1414 704 1414 704 1414 705 1414 705 1414 705 1414 707 1414 707 1414 707 1414 709 1414 709 1414 741 1437 781 1437 826 1416 843 1408 843 1408 845 1408 845 1408 845 1408 847 1408 847 1408 849 1408 849 1408 868 1416 907 1433 936 1420 936 1420 936 1420 938 1420 938 1420 939 1420 939 1420 939 1420 941 1420 941 1420 943 1420 943 1420 962 1433 1051 1433 1073 1420 1079 1414 1081 1414 1081 1414 1081 1414 1083 1414 1083 1414 1085 1414 1085 1414 1085 1414 1087 1414 1087 1414 1100 1420 1136 1433 1185 1423 1185 1423 1187 1423 1187 1423 1285 1433 1304 1421 1313 1470 1311 1504 1238 1504 1236 1503 1236 1503 1234 1503 1234 1503 1232 1503 1185 1486 1109 1491 1107 1491 1107 1491 1107 1491 1106 1491 1106 1491 1081 1482 1053 1491 1051 1491 1051 1491 1051 1491 1049 1491 1049 1491 966 1480 939 1497 928 1504 926 1504 926 1504 926 1504 924 1504 924 1504 924 1506 887 1506 885 1504 885 1504 883 1504 883 1504 883 1504 881 1504 881 1504 881 1503 872 1495 862 1487 841 1495 830 1497 828 1497 828 1497 828 1497 826 1497 826 1497 824 1497 811 1493 764 1480 728 1491 713 1497 713 1497 711 1497 711 1497 709 1497 709 1497 639 1489 607 1487 603 1489 579 1503 579 1503 579 1503 577 1503 577 1503 575 1503 575 1503 575 1503 503 1487 490 1486 481 1487 394 1504 394 1504 394 1504 392 1504 392 1504 390 1504 390 1504 390 1504 388 1504 356 1484 356 1484 166 1480"/></Shape>
	    <String CONTENT="Tout ce qui me restera d’argent sur ma"
                    HPOS="166.0"
                    VPOS="1408.0"
                    WIDTH="1147.0"
                    HEIGHT="98.0"></String>
          </TextLine>

          
          
          <TextLine ID="eSc_line_d8826979"
                    
                    BASELINE="167 1587 252 1578 898 1578 1355 1589" 
                    HPOS="164.0"
                    VPOS="1518.0"
                    WIDTH="1191.0"
                    HEIGHT="86.0">
            <Shape><Polygon POINTS="167 1587 164 1527 309 1518 311 1518 311 1518 311 1518 313 1518 313 1518 313 1518 315 1518 315 1518 328 1529 347 1546 377 1546 398 1531 417 1518 419 1518 419 1518 419 1518 420 1518 420 1518 422 1518 422 1518 422 1518 424 1518 424 1518 424 1518 426 1518 447 1533 464 1544 515 1536 515 1536 515 1536 517 1536 517 1536 579 1546 594 1535 615 1519 615 1519 617 1519 617 1519 619 1519 619 1519 619 1519 620 1519 620 1519 620 1519 622 1519 622 1519 624 1519 624 1519 647 1536 656 1544 704 1546 724 1538 728 1536 728 1536 730 1536 730 1536 730 1536 732 1536 775 1538 809 1540 811 1540 849 1521 849 1521 849 1521 851 1521 851 1521 853 1521 853 1521 853 1521 855 1521 855 1521 856 1521 856 1521 856 1523 877 1540 887 1550 968 1550 975 1542 998 1523 998 1521 1000 1521 1000 1521 1000 1521 1002 1521 1002 1521 1004 1521 1081 1521 1081 1521 1081 1521 1081 1521 1185 1548 1198 1550 1207 1548 1272 1533 1272 1533 1272 1533 1274 1533 1274 1533 1274 1533 1275 1533 1275 1533 1277 1533 1277 1533 1300 1550 1302 1552 1355 1552 1355 1589 1355 1593 1326 1604 1326 1604 1325 1604 1325 1604 1323 1604 1090 1595 1043 1593 1017 1595 926 1602 924 1602 924 1602 849 1595 802 1591 373 1597 324 1597 322 1597 322 1597 318 1597 260 1587 167 1597"/></Shape>
	    <String CONTENT="petite bourse personnelle - (Laurens, prix"
                    HPOS="164.0"
                    VPOS="1518.0"
                    WIDTH="1191.0"
                    HEIGHT="86.0"></String>
          </TextLine>

          
          
          <TextLine ID="eSc_line_bffb39d4"
                    
                    BASELINE="183 1687 1230 1695" 
                    HPOS="179.0"
                    VPOS="1625.0"
                    WIDTH="1051.0"
                    HEIGHT="92.0">
            <Shape><Polygon POINTS="183 1687 183 1625 271 1636 292 1627 294 1627 294 1627 296 1627 296 1627 296 1627 298 1627 298 1627 298 1627 300 1627 300 1627 301 1627 301 1627 301 1627 301 1627 313 1638 341 1629 347 1627 349 1627 349 1627 349 1627 351 1627 351 1627 351 1627 352 1627 352 1627 352 1627 354 1627 354 1627 356 1629 377 1648 411 1631 419 1627 419 1627 419 1627 420 1627 420 1627 422 1627 422 1627 422 1627 424 1627 424 1627 436 1631 479 1651 532 1651 547 1635 553 1631 553 1629 553 1629 554 1629 554 1629 554 1629 556 1629 556 1629 558 1629 592 1629 592 1629 592 1629 594 1629 594 1629 594 1629 596 1629 596 1629 596 1631 603 1636 617 1648 630 1636 639 1629 639 1629 641 1629 641 1629 641 1629 643 1629 643 1629 645 1629 705 1629 705 1629 705 1629 707 1629 707 1629 707 1629 709 1629 709 1629 709 1631 709 1631 719 1640 722 1646 794 1651 858 1644 960 1631 960 1631 962 1631 962 1631 964 1631 964 1631 964 1631 966 1631 992 1648 1004 1655 1228 1655 1230 1695 1226 1708 1168 1702 1155 1708 1138 1716 1138 1716 1136 1716 1136 1716 1136 1716 1134 1716 1134 1716 1132 1716 1102 1708 1085 1704 1070 1708 1036 1717 1034 1717 1034 1717 1032 1717 1032 1717 1032 1717 1030 1717 1030 1717 1007 1708 994 1702 983 1708 972 1712 972 1712 970 1712 970 1712 970 1712 968 1712 968 1712 932 1706 890 1701 881 1706 870 1716 870 1716 868 1716 868 1716 868 1716 866 1716 866 1716 866 1717 817 1717 815 1716 815 1716 813 1716 783 1706 766 1701 754 1706 741 1712 741 1712 741 1712 739 1712 739 1712 738 1712 738 1712 738 1712 698 1704 664 1699 654 1704 645 1714 645 1714 643 1714 643 1714 643 1714 641 1714 641 1714 641 1716 575 1716 573 1714 573 1714 513 1704 479 1699 468 1704 447 1714 447 1714 447 1714 445 1714 445 1714 443 1714 443 1714 443 1714 381 1702 366 1701 356 1702 328 1712 326 1712 326 1712 326 1712 324 1712 179 1701"/></Shape>
	    <String CONTENT="de l’Institut etc.) aux pauvres -"
                    HPOS="179.0"
                    VPOS="1625.0"
                    WIDTH="1051.0"
                    HEIGHT="92.0"></String>
          </TextLine>

          
          
          <TextLine ID="eSc_line_c53b471e"
                    
                    BASELINE="464 1904 1392 1908" 
                    HPOS="460.0"
                    VPOS="1842.0"
                    WIDTH="932.0"
                    HEIGHT="102.0">
            <Shape><Polygon POINTS="464 1904 462 1861 545 1842 545 1842 545 1842 547 1842 547 1842 549 1842 549 1842 549 1842 551 1842 551 1842 551 1844 566 1859 573 1865 585 1859 594 1851 596 1851 596 1851 596 1851 598 1851 598 1851 600 1851 600 1851 600 1851 602 1851 602 1851 602 1851 603 1851 603 1851 611 1857 622 1868 732 1868 743 1855 756 1844 756 1842 756 1842 758 1842 758 1842 758 1842 760 1842 760 1842 762 1842 828 1842 828 1842 828 1842 830 1842 830 1842 830 1842 832 1842 849 1855 868 1868 945 1868 975 1853 989 1844 990 1844 990 1844 992 1844 992 1844 992 1844 994 1844 994 1844 996 1844 996 1844 1017 1851 1043 1863 1143 1850 1196 1844 1196 1844 1198 1844 1198 1844 1200 1844 1200 1844 1200 1844 1202 1844 1202 1844 1202 1846 1206 1850 1223 1865 1274 1851 1275 1851 1275 1851 1277 1851 1277 1851 1277 1851 1279 1851 1279 1851 1279 1851 1281 1851 1281 1851 1281 1853 1292 1865 1357 1868 1387 1846 1392 1908 1387 1932 1357 1917 1300 1917 1272 1932 1272 1932 1272 1932 1270 1932 1270 1932 1270 1932 1270 1932 1268 1932 1268 1932 1268 1932 1266 1932 1266 1932 1266 1932 1228 1916 1189 1916 1162 1934 1160 1936 1160 1936 1158 1936 1158 1936 1157 1936 1157 1936 1113 1942 1113 1942 1111 1942 1111 1942 1109 1942 1109 1942 1109 1942 1107 1942 1107 1942 1100 1934 1077 1916 1051 1916 1021 1934 1011 1942 1009 1942 1009 1942 1009 1942 1007 1942 1007 1942 1007 1944 930 1944 928 1942 928 1942 885 1936 738 1914 717 1927 715 1927 715 1927 713 1927 713 1927 713 1927 711 1927 711 1927 709 1927 671 1917 656 1931 656 1931 654 1931 654 1931 654 1931 653 1931 653 1931 651 1931 651 1931 651 1931 649 1931 649 1931 647 1931 630 1919 515 1919 486 1938 486 1940 486 1940 485 1940 485 1940 483 1940 483 1940 483 1940 481 1940 460 1938"/></Shape>
	    <String CONTENT="fait à Paris, 7 rue Garancière"
                    HPOS="460.0"
                    VPOS="1842.0"
                    WIDTH="932.0"
                    HEIGHT="102.0"></String>
          </TextLine>

          
          
          <TextLine ID="eSc_line_a4c14aa1"
                    
                    BASELINE="82 2012 207 2017 966 2015" 
                    HPOS="79"
                    VPOS="1955"
                    WIDTH="885"
                    HEIGHT="79">
            <Shape><Polygon POINTS="81 2010 79 1974 100 1976 103 1972 120 1957 120 1955 120 1955 122 1955 122 1955 122 1955 124 1955 124 1955 126 1955 160 1955 160 1955 160 1955 162 1955 162 1955 162 1955 164 1955 164 1955 164 1957 179 1972 184 1978 215 1978 222 1970 239 1955 239 1955 241 1955 241 1955 241 1955 243 1955 243 1955 243 1955 245 1955 245 1955 245 1955 311 1970 341 1978 441 1978 454 1968 468 1957 468 1957 469 1957 469 1957 471 1957 471 1957 471 1957 473 1957 473 1957 475 1957 475 1957 475 1957 477 1957 477 1957 477 1959 486 1966 496 1976 551 1966 564 1965 564 1965 566 1965 566 1965 566 1965 568 1965 568 1965 571 1966 585 1972 592 1965 605 1955 605 1955 607 1955 607 1955 607 1955 609 1955 609 1955 611 1955 690 1955 690 1955 690 1955 692 1955 692 1955 692 1955 709 1965 732 1976 756 1963 773 1955 773 1955 773 1955 775 1955 775 1955 777 1955 851 1959 851 1959 851 1959 853 1959 853 1959 855 1959 855 1959 855 1961 856 1961 873 1976 958 1961 964 2014 960 2029 819 2023 764 2031 749 2032 749 2032 747 2032 747 2032 734 2031 683 2023 579 2032 566 2032 566 2032 564 2032 564 2032 562 2032 560 2032 524 2023 460 2032 456 2032 456 2032 454 2032 454 2032 451 2032 377 2023 266 2032 264 2032 264 2032 264 2032 262 2032 262 2032 239 2023 181 2032 181 2032 179 2032 179 2032 179 2032 177 2032 177 2032 150 2023 81 2034"/></Shape>
	    <String CONTENT="11^h soir - 2 août 1914."
                    HPOS="79"
                    VPOS="1955"
                    WIDTH="885"
                    HEIGHT="79"></String>
          </TextLine>

          
          
          <TextLine ID="eSc_line_1f755860"
                    
                    BASELINE="483 2130 1119 2125" 
                    HPOS="479.0"
                    VPOS="2061.0"
                    WIDTH="640.0"
                    HEIGHT="75.0">
            <Shape><Polygon POINTS="483 2130 479 2066 551 2063 553 2063 553 2063 553 2063 554 2063 570 2068 632 2089 658 2089 677 2070 687 2063 687 2061 687 2061 688 2061 688 2061 688 2061 690 2061 690 2061 692 2061 741 2061 741 2061 741 2061 743 2061 743 2061 743 2061 745 2061 745 2061 745 2063 754 2072 758 2074 766 2072 805 2061 807 2061 807 2061 809 2061 809 2061 809 2061 811 2061 811 2061 811 2061 813 2061 813 2061 828 2072 845 2085 947 2085 960 2076 968 2070 970 2070 970 2070 970 2070 972 2070 972 2070 973 2070 973 2070 973 2070 975 2070 975 2070 977 2070 977 2070 985 2076 994 2083 1019 2076 1041 2070 1043 2070 1043 2070 1045 2070 1045 2070 1115 2080 1119 2125 1119 2130 483 2136"/></Shape>
	    <String CONTENT="Jean Hillemacher."
                    HPOS="479.0"
                    VPOS="2061.0"
                    WIDTH="640.0"
                    HEIGHT="75.0"></String>
          </TextLine>

          
        </TextBlock>
        

        
      </PrintSpace>
    </Page>
  </Layout>
</alto>
