2202 3100
852 116 659 144 Testament

653.0 304.0 1318.0 122.0 En cas de mort, le soussigne

578.0 397.0 1538.0 124.0 Terrié Jules employe à la Préfecture

527.0 493.0 1589.0 119.0 de la Seine (mairie du 13^e arrondissement

509.0 583.0 1607.0 117.0 de Paris), demeurant 3 rue de Mirbel

534.0 671.0 1551.0 111.0 à Paris, 5^e A^t, déclare faire "legataire

545.0 769.0 1507.0 109.0 universel" sa femme M^me Terrié

540.0 860.0 1571.0 116.0 née Tramont Jeanne Marie domiciliée

568.0 953.0 1535.0 111.0 avec son mari à Paris 3 rue de Mirbel

723.0 1038.0 1375.0 114.0 Tous ses biens meubles, titres

558.0 1134.0 1550.0 108.0 au porteur, arrerages de pension, argent

584.0 1214.0 1403.0 124.0 mobilier etc. lui seront attribués.

801.0 1312.0 1292.0 119.0 En ce qui concerne un petit bien

547.0 1395.0 1409.0 116.0 lui provenant de l’héritage de ses

594.0 1488.0 1336.0 126.0 parents et situé à Mandou par

635.0 1588.0 1375.0 111.0 Gourdon, Lot, il en fait donnation

599.0 1674.0 1406.0 118.0 à son frère auguste dit albin

609.0 1759.0 1471.0 124.0 Terrie domicilié audit Mandou.

780.0 1847.0 1199.0 124.0 Toutefois sur ce dit bien, il

584.0 1950.0 1439.0 90.0 devra verser à Madame Terrie née

612.0 2035.0 1445.0 104.0 Tramont sus-indiquée la somme de

607.0 2123.0 1463.0 124.0 cinq cents francs dans les 3 ans qui

602.0 2229.0 1276.0 90.0 suivron le decès du + soussigné

633.0 2312.0 1437.0 124.0 En cas de Transport de son corps

576.0 2405.0 1543.0 106.0 au domicile de sa femme, il demande

578.0 2487.0 1520.0 114.0 que ses obsèques aient lieu civilement

563.0 2580.0 1509.0 109.0 sans le concours du clergé. Il desire

578.0 2668.0 1468.0 124.0 absolument que ses dernieres volontés

594.0 2771.0 1460.0 119.0 soient accomplies. Sa vie durant

126 2244 277 83 soussigné

152 2299 155 196 JT
